2742 4284
170 307 208 357 11.
222 306 276 374 54]
469 295 536 358 Art
557 289 780 376 Everytohere
807 293 931 376 Useful.
999 251 1004 258 ·

171 484 306 541 silvarum
321 483 516 557 fruticumque
530 484 603 540 viret
617 499 831 557 nemorumque
846 499 1004 538 sacromm.

212 582 285 640 Sunt
299 581 381 651 aliae,
397 598 469 654 quas
484 580 546 656 ipse
560 581 622 638 vias
636 580 692 639 sibi
704 581 833 655 repperit
847 598 925 637 usus.

173 679 234 737 Hic
248 679 361 754 plantas
375 687 476 736 tenero
491 676 668 736 abscindens
681 676 722 735 de
736 695 859 753 corpore
875 687 1000 735 matrum

170 775 310 852 deposuit
324 776 420 848 sulcis,
435 777 483 833 hic
497 775 600 851 stirpes
614 776 711 834 obruit
724 795 792 834 arvo

171 873 406 949 quadrifidasque
421 873 510 950 sudes
525 883 554 930 et
568 882 656 930 acuto
670 874 776 932 robore
791 872 889 931 vallos.

170 973 370 1046 Silvarumque
384 971 456 1028 aliae
471 988 587 1046 pressos
602 971 771 1046 propaginis
785 989 869 1028 arcus

171 1078 343 1145 exspectant
358 1077 387 1127 et
400 1069 464 1126 viva
478 1087 530 1126 sua
544 1068 686 1144 plantaria
700 1078 793 1141 terra;

170 1168 211 1225 nil
224 1166 330 1225 radicis
345 1176 432 1242 egent
447 1167 529 1238 aliae,
545 1184 751 1241 summumque
767 1176 884 1240 putator

171 1266 242 1322 haut
254 1263 369 1323 dubitat
382 1274 475 1322 terrae
490 1263 618 1322 referens
635 1263 773 1322 mandare
788 1282 940 1321 cacumen.

171 1363 251 1438 Quin
267 1371 297 1421 et
311 1362 482 1421 caudicibus
497 1362 593 1434 sectis,
609 1362 739 1420 mirabile
754 1362 845 1434 dictu,

169 1460 294 1518 truditur
307 1479 324 1518 e
339 1461 420 1518 sicco
433 1459 517 1518 radix
531 1459 665 1536 oleagina
678 1459 767 1535 ligno.

172 1559 210 1615 Et
224 1577 313 1634 saepe
327 1558 443 1617 alterius
457 1577 554 1617 ramos
568 1558 689 1632 impune
703 1558 837 1616 videmus

170 1667 280 1714 vertere
295 1657 325 1713 in
339 1643 464 1728 alterius,
481 1665 680 1730 mutatamque
696 1656 781 1713 insita
796 1657 872 1713 mala

170 1752 243 1811 ferre
257 1753 361 1829 pimm,
376 1763 406 1811 et
420 1753 519 1828 prunis
534 1751 667 1828 lapidosa
680 1753 834 1812 rubescere
851 1771 948 1812 coma.

212 1851 309 1925 Quare
325 1851 400 1927 agite
415 1870 435 1909 o
450 1851 582 1926 proprios
596 1851 757 1926 generatim
773 1850 876 1908 discite
889 1853 991 1923 cultus,

170 1948 323 2024 agricolae,
338 1950 507 2024 fructusque
523 1948 599 2006 feros
614 1949 723 2007 mollite
738 1948 875 2020 colendo,

170 2064 228 2103 neu
243 2065 347 2122 segnes
364 2047 478 2104 iaceant
492 2057 593 2105 terrae.
638 2048 723 2104 Iuvat
737 2048 848 2104 Ismara
861 2046 976 2105 baccho

171 2162 324 2202 conserere
338 2155 427 2219 atque
441 2146 507 2202 olea
522 2164 661 2220 magnum
675 2145 779 2202 vestire
793 2145 972 2203 Taburnum.

170 2242 274 2316 Tuque
289 2241 361 2300 ades
375 2243 586 2318 inceptumque
601 2261 660 2301 una
674 2242 796 2300 decurre
811 2243 951 2314 laborem,

171 2339 198 2397 O
213 2339 314 2411 decus,
331 2340 358 2398 Ο
373 2341 468 2397 lamae
483 2341 587 2398 merito
602 2359 668 2416 pars
683 2341 810 2397 maxima
824 2349 951 2412 nostrae,

171 2437 340 2509 Maecenas
355 2437 519 2513 pelagoque
534 2438 634 2496 volans
649 2436 718 2495 dare
734 2438 797 2495 vela
811 2440 931 2513 patenti.

172 2535 242 2592 Non
257 2553 313 2611 ego
329 2545 435 2593 cuncta
450 2535 523 2592 meis
537 2535 676 2612 amplecti
692 2535 821 2594 versibus
835 2545 917 2611 opto,

170 2651 239 2705 non,
255 2633 327 2690 mihi
340 2633 365 2690 si
379 2633 494 2709 linguae
509 2643 629 2691 centum
643 2633 701 2691 sint
715 2651 824 2708 oraque
840 2643 970 2706 centum,

169 2731 261 2788 ferrea
274 2748 340 2787 vox.
383 2730 463 2788 Ades
478 2741 507 2788 et
522 2731 607 2810 primi
621 2732 685 2806 lege
700 2731 790 2789 litoris
805 2751 885 2789 oram
898 2754 905 2804 ;

169 2828 199 2885 in
214 2828 347 2885 manibus
361 2837 471 2885 terrae:
495 2846 555 2886 non
571 2828 618 2885 hic
633 2837 662 2884 te
680 2829 809 2886 carmine
824 2829 894 2886 licto

169 2935 256 3000 atque
271 2943 324 3000 per
337 2926 474 3000 ambages
490 2936 519 2984 et
533 2927 621 3002 longa
635 2945 740 2984 exorsa
753 2927 870 2984 tenebo.

209 3023 319 3098 Sponte
335 3041 386 3080 sua
401 3041 476 3097 quae
492 3041 522 3081 se
538 3024 642 3081 tollunt
657 3025 686 3081 in
702 3023 818 3081 luminis
834 3041 908 3095 oras,

168 3120 326 3178 infecunda
340 3120 470 3196 quidem,
487 3120 540 3179 sed
554 3121 630 3179 laeta
644 3132 673 3179 et
689 3121 773 3179 fortia
787 3132 926 3197 surgunt;

168 3220 278 3295 quippe
293 3219 357 3277 solo
371 3229 474 3277 natura
487 3219 594 3277 subest.
635 3219 751 3277 Tamen
765 3219 839 3277 haec
854 3238 982 3295 quoque,
999 3222 1087 3296 siquis

168 3317 273 3374 inserat
287 3327 336 3374 aut
352 3317 502 3375 scrobibus
517 3315 638 3374 mandet
653 3328 764 3375 mutata
778 3318 914 3390 subactis,
1194 3331 1223 3378 50

168 3415 299 3472 exuerint
313 3415 473 3472 silvestrem
489 3415 627 3486 animum,
644 3416 782 3490 cultuque
797 3417 941 3490 frequenti

167 3510 197 3570 iu
211 3531 411 3588 quascumque
425 3514 506 3572 voles
521 3524 595 3571 artes
611 3513 690 3571 haud
705 3513 788 3571 tarda
802 3525 968 3590 sequentur.

168 3611 233 3668 Nec
249 3631 307 3669 non
324 3622 354 3669 et
368 3612 470 3670 sterilis
486 3631 562 3687 quae
578 3613 713 3687 stirpibus
728 3613 787 3670 exit
801 3613 840 3672 ab
854 3614 927 3685 imis,

168 3708 224 3766 hoc
239 3708 334 3781 faciet,
350 3728 461 3768 vacuos
476 3710 500 3767 si
515 3711 550 3768 sit
565 3709 679 3785 digesta
693 3729 747 3786 per
760 3731 862 3786 agros:

194 3836 344 3897 2²aliiquos.
360 3839 417 3884 Eds.
446 3837 501 3872 Μ
516 3840 710 3886 Betweenssand
719 3856 740 3898 9.
758 3843 785 3887 R.
830 3841 853 3874 ⁵²
863 3855 934 3887 voces.
951 3843 1008 3888 Eds.
1038 3844 1151 3903 ⁵4saciat.
1167 3846 1196 3891 R.
