2742 4284
165 304 295 371 1v.466.]
320 297 461 360 Proteus
486 295 617 380 Caught
636 299 709 361 and
722 299 846 362 Forced
864 309 895 362 to
917 300 1067 366 Answer.

165 483 228 558 ipse
242 481 321 540 velut
336 482 439 540 stabuli
453 491 551 542 custos
566 482 595 540 in
610 483 757 541 montibus
772 484 850 556 olim,

165 602 270 660 vesper
283 580 334 639 ubi
349 599 364 637 e
379 589 464 655 pastu
478 579 582 638 vitulos
596 580 635 638 ad
649 590 728 638 tecta
741 581 864 652 reducit,

165 682 331 757 auditisque
346 679 431 753 lupos
446 687 555 736 acuunt
570 678 713 736 balatibus
727 680 803 754 agni,

166 779 294 838 considit
308 778 431 852 scopulo
445 775 569 847 mediuS,
585 794 798 852 numerumque
813 789 955 836 recenset.

166 878 258 935 Cuius
272 878 403 935 Aristaeo
418 873 560 951 quoniam
576 883 619 930 est
635 874 733 931 oblata
747 874 875 945 facultas,

165 976 214 1032 vix
228 974 343 1033 defessa
358 992 458 1032 senem
473 991 575 1049 passus
591 989 771 1046 componere
787 974 918 1031 membra

166 1091 235 1130 cum
250 1073 377 1129 clamore
391 1071 447 1128 ruit
462 1089 578 1145 magno,
595 1069 777 1143 manicisque
792 1070 939 1128 iacentem

166 1181 302 1244 occupat.
346 1169 398 1227 Ille
413 1187 482 1227 suae
499 1179 601 1226 contra
614 1185 675 1224 non
692 1167 848 1224 immemor
861 1169 928 1226 artis

166 1268 266 1325 omnia
279 1267 463 1326 transformat
477 1250 542 1324 sese
556 1267 586 1324 in
602 1265 741 1322 miracula
754 1283 859 1336 rerum,

165 1366 323 1441 ignemque
339 1365 563 1439 horribilemque
579 1364 668 1422 seram
685 1362 863 1438 fluviumque
878 1364 1046 1439 liquentem.

168 1464 275 1520 Verum
290 1463 340 1520 ubi
354 1463 432 1519 nulla
446 1462 543 1537 sugam
558 1462 664 1537 reperit
679 1461 801 1531 fallacia,
816 1461 908 1518 victus

166 1562 196 1618 in
210 1578 274 1618 sese
289 1559 373 1631 redit,
388 1570 476 1635 atque
491 1559 617 1617 hominis
633 1558 753 1616 tandem
771 1576 821 1614 ore
836 1559 968 1617 locutus:

84 1663 90 1672 “
166 1660 264 1717 ‘Nam
278 1659 343 1733 quis
357 1668 396 1729 te,
411 1658 548 1715 iuvenum
565 1656 826 1727 confidentissime,
842 1666 954 1714 nostras

166 1757 247 1814 iussit
262 1756 341 1813 adire
356 1755 483 1813 domos?
525 1754 642 1829 Quidve
657 1755 726 1813 hinc
741 1755 854 1829 petisl'
876 1754 978 1830 inquit.
1022 1759 1060 1814 At
1073 1756 1139 1815 ille:

166 1855 255 1925 ‘Scis,
273 1856 387 1924 Proteu‚
403 1853 459 1910 scis
474 1854 557 1927 ipse;
578 1871 674 1927 neque
690 1863 734 1910 est
749 1862 777 1909 te
792 1851 888 1909 fallere
903 1851 1084 1928 quidquam;

165 1951 219 2010 sed
233 1961 264 2009 tu
279 1951 380 2008 desine
395 1951 477 2008 velle.
520 1953 618 2008 Deum
632 1963 791 2028 praecepta
805 1954 897 2011 secuti

165 2050 306 2120 venimus,
321 2049 390 2106 hinc
405 2049 490 2124 lapsis
506 2049 669 2123 quaesitum
684 2051 801 2108 oracula
817 2053 912 2109 rebus

164 2150 292 2206 Tantum
307 2147 417 2205 effatus.
460 2146 507 2204 Ad
522 2147 596 2204 haec
612 2157 691 2206 vates
706 2149 736 2206 vi
750 2150 878 2225 denique
895 2152 984 2209 multa

165 2245 294 2304 ardentis
308 2246 410 2303 oculos
426 2246 538 2303 intorsit
552 2246 660 2304 lumine
674 2249 789 2322 glauco,

165 2355 195 2401 et
209 2344 332 2418 graviter
345 2343 483 2401 frendens
497 2344 539 2400 sic
555 2344 619 2401 fatis
634 2363 684 2402 ora
699 2348 832 2406 resolvit:

207 2443 294 2500 ‘Non
309 2454 337 2499 te
351 2442 456 2499 nullius
471 2451 609 2499 exercent
622 2443 749 2502 numinis
764 2446 823 2504 irae
836 2469 844 2520 3

165 2559 272 2615 magna
285 2541 339 2597 luis
354 2539 514 2616 commissa
522 2561 528 2597 :
551 2539 603 2597 tibi
618 2540 669 2598 has
684 2542 856 2603 miserabilis
872 2547 1008 2622 Orpheus
1046 2579 1050 2586 ·

165 2637 392 2712 haudquaquam
407 2637 447 2694 ob
461 2637 596 2694 meritum
610 2656 731 2713 poenas,
749 2643 780 2700 ni
795 2645 853 2702 sata
865 2647 1007 2718 resistant,

165 2736 293 2806 suscitat,
309 2745 339 2792 et
352 2745 435 2810 rapta
449 2734 572 2809 graviter
585 2754 638 2809 pro
655 2740 783 2816 coniuge
798 2744 897 2802 saevit.

166 2833 219 2890 Illa
233 2833 363 2909 quidem,
378 2832 450 2890 dum
465 2833 611 2907 refugerit
625 2852 678 2909 per
694 2836 813 2897 flumina
827 2859 976 2917 praeceps

165 2931 323 2988 immanem
337 2940 405 2987 ante
420 2929 513 3005 pedes
529 2929 653 3005 hydrum
670 2938 809 2996 moritura
824 2939 920 3012 puella

164 3037 326 3085 servantem
343 3029 418 3102 ripas
434 3028 490 3085 alta
505 3046 565 3085 non
580 3030 652 3089 vidit
667 3035 697 3092 in
713 3035 811 3094 herba.

164 3128 203 3183 At
217 3125 321 3183 chorus
336 3127 463 3200 aequalis
479 3129 629 3204 Dryadum
644 3133 771 3191 clamore
787 3153 939 3210 supremos

163 3224 319 3299 implerunt
334 3224 461 3296 montis3
484 3225 588 3287 flerunt
604 3230 799 3306 Rhodopeiae
814 3251 895 3291 arces

163 3321 278 3396 altaque
296 3322 432 3398 Pangaea
447 3336 476 3384 et
492 3327 582 3384 Rhesi
599 3329 745 3386 Mavortia
758 3330 841 3388 tellus

163 3429 251 3494 atque
267 3421 360 3478 Getae
376 3434 463 3500 atque
482 3425 600 3483 Hebrus
616 3436 645 3483 et
660 3427 760 3485 Actias
774 3428 913 3504 Orithyia.

164 3518 233 3592 Ipse
247 3537 319 3576 cava
334 3523 430 3580 solans
445 3541 564 3598 aegrum
579 3524 726 3582 testudine
741 3544 871 3583 amorem

162 3626 201 3688 te,
217 3616 311 3676 dulcis
326 3620 463 3692 coniunx,
479 3630 507 3679 te
523 3621 585 3680 solo
601 3622 630 3679 in
644 3621 726 3680 litore
741 3642 852 3694 secum,
889 3639 893 3645 ·

162 3725 191 3774 te
206 3717 341 3775 veniente
356 3716 414 3783 die,
430 3728 458 3776 te
474 3717 639 3777 decedente
655 3722 789 3779 canebat.

273 3844 307 3880 *Ν
316 3847 425 3892 consedit.
441 3847 498 3894 Eds.
614 3848 646 3880 ⁴⁴⁷
658 3851 777 3907 quiquam.
793 3850 821 3894 P„
937 3850 971 3882 ⁴⁴⁹
982 3852 1056 3896 lassis.
1072 3852 1101 3897 R.

1155 319 1215 384 225
