2742 4284
141 333 242 400 x.51.]
513 305 631 406 Speeclz
653 324 694 405 of
720 324 830 386 Venus.

140 528 239 586 pauca
252 509 355 568 refert:

142 608 190 666 ‘O
205 617 297 682 pater,
314 607 341 666 O
356 607 509 666 hominum
522 625 677 682 rerumque
692 616 811 664 aeterna
825 611 973 683 potestas!

141 706 281 781 Namque
296 702 375 763 aliud
389 704 460 780 quid
475 706 520 776 sit,
536 704 616 779 quod
632 705 689 762 iarn
704 706 860 780 implorare
874 710 1034 781 queamus?

140 803 246 863 Cernis
261 814 293 861 ut
308 804 445 861 insultent
460 803 561 860 Rutuli
574 804 749 877 Turnusque
764 801 884 880 [feratur

139 919 195 977 per
209 900 323 958 medios
339 901 457 976 insignis
472 901 554 975 equis
569 899 773 978 tumidusque]
790 902 924 960 secundo

140 999 238 1056 Marte
253 1000 337 1055 ruat?
379 999 448 1057 Non
462 997 561 1056 clausa
574 1010 676 1074 tegunt
691 1000 749 1056 iam
765 1000 882 1057 moenia
895 1002 1044 1058 Teucros:

140 1095 214 1169 quin
229 1095 302 1153 intra
317 1105 414 1170 portas
429 1106 516 1170 atque
528 1096 596 1170 ipsis
611 1095 723 1170 proelia
736 1096 860 1153 miscent

140 1192 295 1268 aggeribus
310 1211 477 1251 moerorum
491 1203 521 1250 et
535 1193 678 1251 inundant
693 1195 833 1268 sanguine
848 1195 948 1252 fossas.

140 1293 257 1348 Aeneas
272 1291 386 1365 ignarus
401 1291 490 1349 abest.
534 1292 743 1366 Numquamne
757 1292 843 1349 levari

139 1388 296 1447 obsidione
311 1389 409 1446 sines?
451 1389 543 1447 Muris
558 1390 661 1447 iterum
676 1391 811 1448 imminet
825 1390 916 1448 hostis

139 1487 288 1544 nascentis
302 1487 407 1544 Troiae
427 1483 499 1564 [nec
513 1505 574 1545 non
589 1489 735 1546 exercitus
749 1489 821 1545 alter
832 1487 856 1566 3]

139 1596 229 1659 atque
245 1585 347 1642 iterum
362 1584 392 1642 in
408 1585 538 1642 Teucros
554 1584 664 1642 Aetolis
679 1586 770 1661 surgit
783 1587 821 1644 ab
834 1587 919 1661 Arpis

138 1683 281 1758 Tydides.
325 1682 472 1756 Equidem
487 1682 587 1753 credo,
602 1701 670 1740 mea
683 1683 802 1741 volnera
815 1693 923 1741 restant

138 1791 168 1840 et
184 1791 235 1839 tua
248 1780 402 1855 progenies
417 1780 548 1837 mortalia
562 1779 700 1838 demoror
713 1799 801 1838 arma.

139 1880 168 1938 Si
184 1880 246 1936 sine
261 1896 336 1952 pace
351 1886 401 1936 tua
414 1887 503 1953 atque
517 1878 607 1934 invito
622 1879 743 1935 numine
757 1880 849 1936 Troes

139 1976 254 2035 Italiam
269 1975 388 2050 petiere,
403 1975 484 2033 luant
497 1985 622 2050 peccata
636 1993 733 2050 neque
747 1976 811 2033 illos

137 2073 243 2131 iuveris
257 2071 383 2144 auxilio;
405 2073 449 2130 sin
464 2082 509 2130 tot
522 2091 663 2147 responsa
677 2075 780 2144 secuti,

138 2189 214 2246 quae
229 2171 327 2245 superi
341 2189 500 2244 manesque
516 2170 643 2228 dabant:
668 2189 721 2228 cur
733 2191 812 2229 nunc
827 2183 877 2230 tua
891 2174 1044 2247 quisquam

136 2279 249 2327 vertere
264 2268 341 2326 iussa
355 2278 452 2344 potest
466 2279 516 2326 aut
530 2287 583 2326 cur
596 2289 673 2326 nova
689 2270 818 2327 condere
833 2272 910 2328 fata?

137 2366 219 2440 Quid
233 2375 365 2441 repetem
380 2377 495 2424 exustas
511 2368 639 2442 Erycino
654 2369 683 2424 in
698 2368 780 2425 litore
796 2368 910 2439 classes

137 2463 209 2538 quid
224 2473 432 2539 tempestatum
446 2482 546 2539 regem
559 2474 723 2539 ventosque
738 2467 857 2524 surentis

135 2561 241 2620 Aeolia
255 2561 367 2619 excitos
381 2571 431 2619 aut
446 2571 542 2619 actam
556 2563 682 2620 nubibus
699 2564 790 2621 Irim?

136 2659 227 2717 Nunc
242 2660 331 2716 etiam
346 2659 447 2730 manis,
463 2659 537 2717 haec
552 2661 725 2735 intemptata
739 2662 876 2722 manebat

135 2777 198 2816 sors
212 2776 317 2827 rerum,
333 2767 432 2815 movet
446 2768 476 2815 et
490 2759 601 2834 superis
616 2757 746 2817 immissa
760 2770 879 2836 repente

133 2855 258 2926 Allect0,
274 2855 386 2913 medias
403 2855 508 2913 Italum
522 2856 666 2915 bacchata
680 2875 734 2932 per
747 2858 841 2917 urbes.

135 2954 186 3012 Nil
200 2972 287 3029 super
300 2954 423 3028 imperio
438 2973 576 3012 moveor:
601 2956 780 3031 speravimus
794 2957 857 3029 ista,

134 3051 207 3109 dum
221 3051 336 3108 fortuna
350 3052 421 3123 fuit3
445 3053 563 3110 vincant
578 3072 651 3128 quos
666 3053 783 3113 vincere
798 3056 896 3114 mavis.

133 3150 162 3208 Si
176 3150 255 3207 nulla
270 3159 313 3207 est
326 3151 415 3225 regi0,
430 3151 551 3210 Teucris
567 3170 655 3226 quam
670 3151 722 3217 det
735 3163 786 3210 tua
800 3155 929 3212 coniunx

133 3247 217 3320 dura,
233 3266 286 3323 per
299 3267 426 3321 eversae,
441 3251 563 3324 genitor,
580 3251 721 3308 fumantia
734 3253 838 3310 Troiae

132 3344 265 3404 exscidia
279 3347 417 3418 obtestor,
433 3349 520 3406 liceat
535 3349 680 3410 dimittere
696 3353 733 3411 ab
748 3353 833 3410 armis

130 3445 312 3504 incolumem
327 3447 494 3519 Ascanium,
510 3449 596 3507 liceat
610 3469 762 3526 superesse
777 3461 925 3527 nepotem.

131 3548 248 3603 Aeneas
263 3563 333 3602 sane
347 3545 454 3620 ignotis
468 3546 592 3606 iactetur
605 3549 633 3606 in
649 3549 736 3608 undis

131 3654 170 3716 et,
187 3649 406 3718 quamcumque
420 3646 496 3704 viam
512 3646 626 3706 dederit
642 3649 779 3722 Fortuna,
795 3662 949 3727 sequatur:

130 3744 211 3800 hunc
226 3751 325 3816 tegere
340 3753 368 3800 et
383 3743 462 3802 dirae
477 3748 588 3805 valeam
604 3749 769 3808 subducere
784 3770 908 3828 pugnae.

131 3841 186 3898 Est
202 3839 351 3910 Amathus
368 3851 411 3898 est
426 3843 504 3900 celsa
518 3845 588 3902 mihi
605 3848 722 3921 Paphus
738 3859 825 3923 atque
841 3851 967 3924 Cythera
