2742 4284
181 332 327 396 v11.142.]
431 321 497 384 Tae
519 319 549 383 Τ
546 321 655 403 rojam
671 319 741 383 Eat
754 320 844 384 their
863 319 986 385 Tables.

181 509 394 583 instituuntque
409 507 501 582 dapes
516 517 546 564 et
559 506 668 565 adorea
682 507 742 566 liba
754 524 808 582 per
821 507 942 564 herbam

182 607 330 664 subiciunt
344 606 436 681 epulis
455 604 512 681 (sic
528 605 659 680 Iuppiter
673 606 735 679 ipse
750 605 905 678 monebat)

182 717 213 762 et
227 705 349 763 Cereale
364 704 459 762 solum
473 704 567 777 pomis
582 703 741 777 agrestibus
756 714 873 778 augent.

183 801 375 878 Consumptis
390 801 438 859 hic
453 802 526 859 forte
540 801 602 859 aliis
616 811 647 858 ut
662 811 772 858 vertere
788 819 900 860 morsus

182 901 319 976 exiguam
333 899 363 957 in
378 900 518 960 Cererem
533 899 654 973 penuria
668 898 767 973 adegit
781 897 891 956 edendi

182 1010 213 1057 et
227 1000 334 1057 violare
350 1018 438 1057 manu
454 999 594 1074 malisque
609 998 771 1056 audacibus
786 999 888 1056 orbem

181 1099 275 1156 fatalis
290 1098 377 1154 crusti
391 1098 495 1172 patulis
510 1115 565 1154 nec
580 1115 699 1171 parcere
714 1095 830 1171 quadris
843 1101 864 1153 :'

183 1197 288 1254 ‘Heus
303 1199 309 1253 l
331 1195 418 1252 etiam
434 1213 549 1252 mensas
564 1196 785 1267 consumimus,’
801 1195 895 1268 inquit
911 1193 1000 1263 iulus,

183 1312 240 1350 nec
255 1293 337 1368 plura
351 1292 504 1350 adludens.
549 1294 593 1350 Ea
607 1312 663 1350 vox
678 1292 777 1350 audita
790 1293 923 1350 laborum

183 1391 277 1466 prima
290 1391 354 1448 tulit
368 1391 467 1462 finem,
483 1391 664 1465 primamque
680 1391 825 1464 loquentis
838 1391 875 1448 ab
889 1408 939 1448 ore

183 1489 288 1564 eripuit
302 1497 384 1564 pater
398 1508 432 1546 ac
448 1488 626 1563 stupefactus
641 1489 761 1545 numine
777 1489 889 1563 pressit.

184 1586 352 1644 Continuo:
376 1586 476 1644 ‘Salve
491 1587 555 1643 fatis
571 1586 641 1642 mihi
656 1585 757 1643 debita
767 1585 850 1643 tellus

183 1663 313 1759 vosque‚'
329 1685 377 1755 ait,
394 1683 439 1741 ‘O
454 1683 505 1741 fidi
520 1684 625 1740 Troiae
641 1684 748 1740 salvete
763 1694 902 1758 penates:
950 1751 955 1765 .
975 1733 979 1737 .

183 1781 230 1838 hic
245 1780 360 1851 domm,
376 1781 450 1839 haee
465 1782 557 1856 patria
571 1791 624 1839 est.
668 1782 792 1840 Genitor
806 1781 875 1838 mihi
890 1782 958 1839 talia
971 1799 1098 1858 namque

187 1879 282 1956 (nuuc
296 1878 415 1954 repeto)
435 1878 576 1936 Anchises
591 1879 715 1936 fatorum
731 1897 837 1936 arcana
850 1879 982 1952 reliquit:

182 1995 250 2034 curn
265 1987 303 2048 te,
316 1987 393 2046 nate,
408 1976 500 2033 sames
515 1977 614 2050 ignota
629 1975 666 2033 ad
681 1976 764 2034 litora
777 1986 893 2034 vectum

182 2075 285 2132 accisis
300 2085 387 2149 coget
401 2073 525 2149 dapibus
541 2091 715 2131 consumere
730 2091 857 2146 mensas,

182 2181 243 2228 tum
259 2189 374 2246 sperare
390 2170 496 2230 domos
510 2170 641 2228 defessus
656 2171 755 2245 ibique
770 2181 919 2231 memento

181 2269 276 2344 prima
290 2268 386 2325 locare
401 2287 488 2326 mauu
506 2268 657 2343 molirique
672 2286 777 2343 aggere
793 2279 878 2326 tecta.

182 2367 270 2424 Haec
285 2375 345 2423 erat
360 2365 407 2423 illa
420 2367 532 2436 fames;
556 2365 628 2422 haec
644 2384 698 2422 nos
714 2383 850 2440 suprema
865 2367 1008 2438 manebat,

181 2462 274 2521 exiliis
289 2464 418 2537 positura
433 2462 565 2521 modum.

180 2561 279 2635 Quare
294 2561 372 2636 agite
386 2570 415 2619 et
431 2561 526 2636 primo
541 2560 608 2618 laeti
623 2578 691 2617 cum
708 2560 817 2618 lumine
832 2562 901 2619 solis

180 2677 256 2733 quae
270 2659 346 2729 loca,
361 2659 446 2733 quive
462 2658 589 2716 habeant
605 2658 748 2729 homines,
765 2660 814 2717 ubi
830 2661 947 2718 moenia
961 2661 1064 2736 gentis,

179 2757 355 2832 vestigemus
371 2766 400 2814 et
415 2775 431 2814 a
446 2767 530 2831 portu
547 2755 660 2814 diversa
674 2768 819 2830 petamus.

180 2856 268 2914 Nunc
284 2865 398 2930 pateras
413 2855 499 2912 libate
516 2855 579 2912 lovi
595 2855 790 2931 precibusque
805 2869 909 2914 vocate

179 2954 328 3012 Anchisen
343 2955 514 3029 genitorem,
531 2964 560 3010 et
575 2953 642 3010 vina
656 2955 789 3028 reponite
805 2957 934 3013 mensis.'

178 3054 226 3112 Sic
241 3053 350 3111 deinde
366 3052 467 3110 effatus
481 3051 629 3111 frondenti
643 3063 776 3129 tempora
791 3073 873 3115 ramo

178 3155 308 3229 implicat
322 3165 352 3212 et
365 3154 542 3229 geniumque
558 3153 614 3210 loci
629 3154 811 3228 primamque
827 3155 950 3213 deorum

176 3254 323 3312 Tellurem
337 3255 540 3328 nymphasque
556 3265 585 3311 et
599 3254 697 3312 adhuc
713 3256 812 3329 ignota
826 3265 959 3330 precatur

178 3352 305 3421 flumina,
322 3361 383 3409 tum
400 3353 527 3410 Noctem
545 3354 707 3428 Noctisque
722 3355 844 3411 orientia
858 3355 940 3429 signa

179 3449 359 3524 Idaeumque
377 3451 478 3507 lovem
495 3449 708 3524 Phrygiamque
724 3469 760 3508 ex
774 3451 877 3510 ordine
893 3464 1015 3510 matrem

177 3549 293 3605 invocat
308 3557 337 3605 et
351 3546 476 3623 duplicis
492 3549 632 3622 caeloque
648 3548 795 3624 ereboque
810 3550 946 3625 parentis.

179 3645 238 3702 Hic
253 3654 336 3719 pater
349 3646 538 3721 omnipotens
552 3656 597 3703 ter
611 3645 694 3703 caelo
708 3646 801 3705 clarus
816 3646 854 3704 ab
869 3648 928 3706 alto

176 3743 302 3800 intonuit
316 3743 461 3817 radiisque
476 3744 628 3801 ardentem
643 3744 716 3801 lucis
732 3755 761 3802 et
775 3764 846 3803 auro

320 3871 352 3905 11⁰
364 3872 412 3918 ille.
428 3873 460 3918 H.
471 3873 520 3917 and
531 3873 559 3918 C.
745 3874 776 3908 1²⁹
787 3876 874 3921 exitiis.
891 3876 924 3920 H.
936 3876 985 3920 and
995 3876 1083 3922 others.
