<?xml version="1.0" encoding="UTF-8"?>
<!DOCTYPE html PUBLIC "-//W3C//DTD XHTML 1.0 Transitional//EN"
    "http://www.w3.org/TR/xhtml1/DTD/xhtml1-transitional.dtd">
<html xmlns="http://www.w3.org/1999/xhtml" xml:lang="en" lang="en">
 <head>
  <title>
</title>
<meta http-equiv="Content-Type" content="text/html;charset=utf-8" />
  <meta name='ocr-system' content='tesseract 3.04.00' />
  <meta name='ocr-capabilities' content='ocr_page ocr_carea ocr_par ocr_line ocrx_word'/>
</head>
<body>
  <div class='ocr_page' id='page_1' title='image "./greaterpoemsvir03virggoog_0205.png"; bbox 0 0 2742 4284; ppageno 0'>
   <div class='ocr_carea' id='block_1_1' title="bbox 191 277 934 379">
    <p class='ocr_par' dir='ltr' id='par_1_1' title="bbox 191 277 934 379">
     <span class='ocr_line' id='line_1_1' title="bbox 191 277 934 379; baseline 0.004 -24"><span class='ocrx_word' id='word_1_1' title='bbox 191 306 324 371; x_wconf 84' lang='lat'>111.157·]</span> <span class='ocrx_word' id='word_1_2' title='bbox 559 295 655 364; x_wconf 80' lang='lat' dir='ltr'>‚Care</span> <span class='ocrx_word' id='word_1_3' title='bbox 677 298 718 379; x_wconf 86' lang='lat' dir='ltr'>of</span> <span class='ocrx_word' id='word_1_4' title='bbox 737 295 861 361; x_wconf 80' lang='lat' dir='ltr'>Calves.</span> <span class='ocrx_word' id='word_1_5' title='bbox 930 277 934 289; x_wconf 47' lang='lat'>⁸</span> 
     </span>
    </p>
   </div>
   <div class='ocr_carea' id='block_1_2' title="bbox 184 482 1032 3883">
    <p class='ocr_par' dir='ltr' id='par_1_2' title="bbox 184 482 1032 3883">
     <span class='ocr_line' id='line_1_2' title="bbox 232 482 997 558; baseline 0 -18"><span class='ocrx_word' id='word_1_6' title='bbox 232 483 288 540; x_wconf 91' lang='lat' dir='ltr'>His</span> <span class='ocrx_word' id='word_1_7' title='bbox 303 482 509 540; x_wconf 87' lang='lat' dir='ltr'>animadversis</span> <span class='ocrx_word' id='word_1_8' title='bbox 524 483 632 540; x_wconf 91' lang='lat' dir='ltr'>instant</span> <span class='ocrx_word' id='word_1_9' title='bbox 647 484 701 541; x_wconf 92' lang='lat' dir='ltr'>sub</span> <span class='ocrx_word' id='word_1_10' title='bbox 716 493 842 558; x_wconf 88' lang='lat' dir='ltr'>tempus,</span> <span class='ocrx_word' id='word_1_11' title='bbox 858 493 886 539; x_wconf 87' lang='lat' dir='ltr'>et</span> <span class='ocrx_word' id='word_1_12' title='bbox 901 483 997 540; x_wconf 86' lang='lat' dir='ltr'>omnis</span> 
     </span>
     <span class='ocr_line' id='line_1_3' title="bbox 191 577 870 656; baseline 0.003 -20"><span class='ocrx_word' id='word_1_13' title='bbox 191 577 366 654; x_wconf 91' lang='lat' dir='ltr'>impendunt</span> <span class='ocrx_word' id='word_1_14' title='bbox 380 598 463 638; x_wconf 90' lang='lat' dir='ltr'>curas</span> <span class='ocrx_word' id='word_1_15' title='bbox 478 579 571 638; x_wconf 91' lang='lat' dir='ltr'>denso</span> <span class='ocrx_word' id='word_1_16' title='bbox 586 580 753 638; x_wconf 85' lang='lat' dir='ltr'>distendere</span> <span class='ocrx_word' id='word_1_17' title='bbox 768 581 870 656; x_wconf 86' lang='lat' dir='ltr'>pingui</span> 
     </span>
     <span class='ocr_line' id='line_1_4' title="bbox 190 677 954 753; baseline 0.001 -19"><span class='ocrx_word' id='word_1_18' title='bbox 190 695 278 752; x_wconf 91' lang='lat' dir='ltr'>quem</span> <span class='ocrx_word' id='word_1_19' title='bbox 293 678 388 752; x_wconf 87' lang='lat' dir='ltr'>legere</span> <span class='ocrx_word' id='word_1_20' title='bbox 404 677 511 735; x_wconf 92' lang='lat' dir='ltr'>ducem</span> <span class='ocrx_word' id='word_1_21' title='bbox 526 688 556 735; x_wconf 91' lang='lat' dir='ltr'>et</span> <span class='ocrx_word' id='word_1_22' title='bbox 569 679 671 753; x_wconf 91' lang='lat' dir='ltr'>pecori</span> <span class='ocrx_word' id='word_1_23' title='bbox 686 678 786 736; x_wconf 86' lang='lat' dir='ltr'>dixere</span> <span class='ocrx_word' id='word_1_24' title='bbox 801 679 954 750; x_wconf 87' lang='lat' dir='ltr'>maritum;</span> 
     </span>
     <span class='ocr_line' id='line_1_5' title="bbox 190 773 964 851; baseline 0.004 -21"><span class='ocrx_word' id='word_1_25' title='bbox 190 773 376 849; x_wconf 88' lang='lat' dir='ltr'>florentisque</span> <span class='ocrx_word' id='word_1_26' title='bbox 391 786 493 834; x_wconf 87' lang='lat' dir='ltr'>secant</span> <span class='ocrx_word' id='word_1_27' title='bbox 507 776 610 834; x_wconf 89' lang='lat' dir='ltr'>herbas</span> <span class='ocrx_word' id='word_1_28' title='bbox 625 777 786 851; x_wconf 86' lang='lat' dir='ltr'>fluviosque</span> <span class='ocrx_word' id='word_1_29' title='bbox 802 777 964 834; x_wconf 89' lang='lat' dir='ltr'>ministrant</span> 
     </span>
     <span class='ocr_line' id='line_1_6' title="bbox 189 872 921 949; baseline 0.001 -20"><span class='ocrx_word' id='word_1_30' title='bbox 189 873 330 946; x_wconf 84' lang='lat' dir='ltr'>farraque,</span> <span class='ocrx_word' id='word_1_31' title='bbox 346 890 383 930; x_wconf 94' lang='lat' dir='ltr'>ne</span> <span class='ocrx_word' id='word_1_32' title='bbox 399 872 508 930; x_wconf 92' lang='lat' dir='ltr'>blando</span> <span class='ocrx_word' id='word_1_33' title='bbox 523 884 650 948; x_wconf 84' lang='lat' dir='ltr'>nequeat</span> <span class='ocrx_word' id='word_1_34' title='bbox 665 893 817 949; x_wconf 89' lang='lat' dir='ltr'>superesse</span> <span class='ocrx_word' id='word_1_35' title='bbox 830 873 921 932; x_wconf 87' lang='lat' dir='ltr'>labori</span> 
     </span>
     <span class='ocr_line' id='line_1_7' title="bbox 189 969 840 1045; baseline 0.003 -19"><span class='ocrx_word' id='word_1_36' title='bbox 189 969 365 1044; x_wconf 91' lang='lat' dir='ltr'>invalidique</span> <span class='ocrx_word' id='word_1_37' title='bbox 380 980 495 1045; x_wconf 90' lang='lat' dir='ltr'>patrum</span> <span class='ocrx_word' id='word_1_38' title='bbox 509 972 633 1029; x_wconf 84' lang='lat' dir='ltr'>reserant</span> <span class='ocrx_word' id='word_1_39' title='bbox 649 972 757 1029; x_wconf 87' lang='lat' dir='ltr'>ieiunia</span> <span class='ocrx_word' id='word_1_40' title='bbox 771 972 840 1029; x_wconf 90' lang='lat' dir='ltr'>nati.</span> 
     </span>
     <span class='ocr_line' id='line_1_8' title="bbox 191 1069 914 1142; baseline 0.004 -18"><span class='ocrx_word' id='word_1_41' title='bbox 191 1070 259 1142; x_wconf 90' lang='lat' dir='ltr'>Ipsa</span> <span class='ocrx_word' id='word_1_42' title='bbox 273 1079 371 1125; x_wconf 91' lang='lat' dir='ltr'>autem</span> <span class='ocrx_word' id='word_1_43' title='bbox 387 1069 480 1125; x_wconf 91' lang='lat' dir='ltr'>macie</span> <span class='ocrx_word' id='word_1_44' title='bbox 495 1079 616 1127; x_wconf 87' lang='lat' dir='ltr'>tenuant</span> <span class='ocrx_word' id='word_1_45' title='bbox 630 1080 761 1127; x_wconf 88' lang='lat' dir='ltr'>armenta</span> <span class='ocrx_word' id='word_1_46' title='bbox 776 1071 914 1140; x_wconf 63' lang='lat' dir='ltr'>volentes</span> 
     </span>
     <span class='ocr_line' id='line_1_9' title="bbox 189 1167 959 1241; baseline 0.003 -19"><span class='ocrx_word' id='word_1_47' title='bbox 189 1177 276 1240; x_wconf 89' lang='lat' dir='ltr'>atque</span> <span class='ocrx_word' id='word_1_48' title='bbox 291 1167 341 1224; x_wconf 94' lang='lat' dir='ltr'>ubi</span> <span class='ocrx_word' id='word_1_49' title='bbox 356 1167 530 1224; x_wconf 85' lang='lat' dir='ltr'>concubitus</span> <span class='ocrx_word' id='word_1_50' title='bbox 546 1167 656 1241; x_wconf 88' lang='lat' dir='ltr'>primos</span> <span class='ocrx_word' id='word_1_51' title='bbox 672 1168 728 1224; x_wconf 89' lang='lat' dir='ltr'>iam</span> <span class='ocrx_word' id='word_1_52' title='bbox 744 1177 814 1224; x_wconf 90' lang='lat' dir='ltr'>nota</span> <span class='ocrx_word' id='word_1_53' title='bbox 828 1168 959 1241; x_wconf 87' lang='lat' dir='ltr'>voluptas</span> 
     </span>
     <span class='ocr_line' id='line_1_10' title="bbox 189 1263 958 1339; baseline 0 -19"><span class='ocrx_word' id='word_1_54' title='bbox 189 1263 330 1336; x_wconf 86' lang='lat' dir='ltr'>sollicitat,</span> <span class='ocrx_word' id='word_1_55' title='bbox 347 1263 523 1339; x_wconf 89' lang='lat' dir='ltr'>frondesque</span> <span class='ocrx_word' id='word_1_56' title='bbox 538 1275 647 1339; x_wconf 87' lang='lat' dir='ltr'>negant</span> <span class='ocrx_word' id='word_1_57' title='bbox 662 1274 692 1321; x_wconf 88' lang='lat' dir='ltr'>et</span> <span class='ocrx_word' id='word_1_58' title='bbox 706 1264 835 1322; x_wconf 81' lang='lat' dir='ltr'>lontibus</span> <span class='ocrx_word' id='word_1_59' title='bbox 849 1274 958 1321; x_wconf 89' lang='lat' dir='ltr'>arcent.</span> 
     </span>
     <span class='ocr_line' id='line_1_11' title="bbox 189 1343 896 1437; baseline 0.001 -18"><span class='ocrx_word' id='word_1_60' title='bbox 189 1363 281 1436; x_wconf 87' lang='lat' dir='ltr'>Saepe</span> <span class='ocrx_word' id='word_1_61' title='bbox 297 1343 384 1419; x_wconf 87' lang='lat' dir='ltr'>etiam</span> <span class='ocrx_word' id='word_1_62' title='bbox 400 1380 484 1419; x_wconf 91' lang='lat' dir='ltr'>cursu</span> <span class='ocrx_word' id='word_1_63' title='bbox 500 1363 633 1436; x_wconf 90' lang='lat' dir='ltr'>quatiunt</span> <span class='ocrx_word' id='word_1_64' title='bbox 648 1372 677 1419; x_wconf 91' lang='lat' dir='ltr'>et</span> <span class='ocrx_word' id='word_1_65' title='bbox 692 1363 753 1420; x_wconf 92' lang='lat' dir='ltr'>sole</span> <span class='ocrx_word' id='word_1_66' title='bbox 767 1363 896 1437; x_wconf 86' lang='lat' dir='ltr'>fatigant,</span> 
     </span>
     <span class='ocr_line' id='line_1_12' title="bbox 189 1460 961 1535; baseline 0.001 -19"><span class='ocrx_word' id='word_1_67' title='bbox 189 1478 256 1516; x_wconf 91' lang='lat' dir='ltr'>cum</span> <span class='ocrx_word' id='word_1_68' title='bbox 270 1460 393 1534; x_wconf 87' lang='lat' dir='ltr'>graviter</span> <span class='ocrx_word' id='word_1_69' title='bbox 407 1460 498 1517; x_wconf 90' lang='lat' dir='ltr'>tunsis</span> <span class='ocrx_word' id='word_1_70' title='bbox 512 1460 602 1535; x_wconf 88' lang='lat' dir='ltr'>gemit</span> <span class='ocrx_word' id='word_1_71' title='bbox 617 1478 683 1517; x_wconf 90' lang='lat' dir='ltr'>area</span> <span class='ocrx_word' id='word_1_72' title='bbox 697 1460 833 1535; x_wconf 82' lang='lat' dir='ltr'>frugibus,</span> <span class='ocrx_word' id='word_1_73' title='bbox 849 1469 878 1517; x_wconf 89' lang='lat' dir='ltr'>et</span> <span class='ocrx_word' id='word_1_74' title='bbox 893 1479 961 1517; x_wconf 92' lang='lat' dir='ltr'>cum</span> 
     </span>
     <span class='ocr_line' id='line_1_13' title="bbox 189 1557 986 1632; baseline 0.001 -19"><span class='ocrx_word' id='word_1_75' title='bbox 189 1568 354 1632; x_wconf 85' lang='lat' dir='ltr'>surgentem</span> <span class='ocrx_word' id='word_1_76' title='bbox 369 1557 407 1614; x_wconf 90' lang='lat' dir='ltr'>ad</span> <span class='ocrx_word' id='word_1_77' title='bbox 421 1557 586 1632; x_wconf 88' lang='lat' dir='ltr'>Zephyrum</span> <span class='ocrx_word' id='word_1_78' title='bbox 602 1559 704 1632; x_wconf 89' lang='lat' dir='ltr'>paleae</span> <span class='ocrx_word' id='word_1_79' title='bbox 719 1558 863 1614; x_wconf 89' lang='lat' dir='ltr'>iactantur</span> <span class='ocrx_word' id='word_1_80' title='bbox 876 1558 986 1614; x_wconf 91' lang='lat' dir='ltr'>inanes.</span> 
     </span>
     <span class='ocr_line' id='line_1_14' title="bbox 190 1654 867 1726; baseline 0.001 -15"><span class='ocrx_word' id='word_1_81' title='bbox 190 1656 260 1711; x_wconf 87' lang='lat' dir='ltr'>Hoc</span> <span class='ocrx_word' id='word_1_82' title='bbox 275 1655 392 1726; x_wconf 88' lang='lat' dir='ltr'>faciunt,</span> <span class='ocrx_word' id='word_1_83' title='bbox 408 1654 499 1713; x_wconf 91' lang='lat' dir='ltr'>nimio</span> <span class='ocrx_word' id='word_1_84' title='bbox 514 1674 552 1712; x_wconf 94' lang='lat' dir='ltr'>ne</span> <span class='ocrx_word' id='word_1_85' title='bbox 567 1656 636 1712; x_wconf 90' lang='lat' dir='ltr'>luxu</span> <span class='ocrx_word' id='word_1_86' title='bbox 650 1656 782 1713; x_wconf 92' lang='lat' dir='ltr'>obtusior</span> <span class='ocrx_word' id='word_1_87' title='bbox 799 1673 867 1712; x_wconf 87' lang='lat' dir='ltr'>usus</span> 
     </span>
     <span class='ocr_line' id='line_1_15' title="bbox 188 1752 852 1828; baseline 0.002 -19"><span class='ocrx_word' id='word_1_88' title='bbox 188 1753 223 1809; x_wconf 92' lang='lat' dir='ltr'>sit</span> <span class='ocrx_word' id='word_1_89' title='bbox 238 1752 355 1828; x_wconf 88' lang='lat' dir='ltr'>genitali</span> <span class='ocrx_word' id='word_1_90' title='bbox 370 1772 438 1810; x_wconf 91' lang='lat' dir='ltr'>arvo</span> <span class='ocrx_word' id='word_1_91' title='bbox 454 1763 483 1811; x_wconf 91' lang='lat' dir='ltr'>et</span> <span class='ocrx_word' id='word_1_92' title='bbox 497 1754 593 1811; x_wconf 92' lang='lat' dir='ltr'>sulcos</span> <span class='ocrx_word' id='word_1_93' title='bbox 608 1754 730 1811; x_wconf 91' lang='lat' dir='ltr'>oblimet</span> <span class='ocrx_word' id='word_1_94' title='bbox 745 1753 852 1824; x_wconf 87' lang='lat' dir='ltr'>inertis,</span> 
     </span>
     <span class='ocr_line' id='line_1_16' title="bbox 188 1850 979 1926; baseline 0 -18"><span class='ocrx_word' id='word_1_95' title='bbox 188 1850 241 1908; x_wconf 89' lang='lat' dir='ltr'>sed</span> <span class='ocrx_word' id='word_1_96' title='bbox 255 1852 347 1926; x_wconf 90' lang='lat' dir='ltr'>rapiat</span> <span class='ocrx_word' id='word_1_97' title='bbox 361 1851 461 1908; x_wconf 90' lang='lat' dir='ltr'>sitiens</span> <span class='ocrx_word' id='word_1_98' title='bbox 474 1853 622 1908; x_wconf 90' lang='lat' dir='ltr'>Venerem</span> <span class='ocrx_word' id='word_1_99' title='bbox 636 1851 815 1925; x_wconf 91' lang='lat' dir='ltr'>interiusque</span> <span class='ocrx_word' id='word_1_100' title='bbox 829 1850 979 1908; x_wconf 86' lang='lat' dir='ltr'>recondat.</span> 
     </span>
     <span class='ocr_line' id='line_1_17' title="bbox 229 1948 1032 2024; baseline -0.001 -17"><span class='ocrx_word' id='word_1_101' title='bbox 229 1950 339 2007; x_wconf 88' lang='lat' dir='ltr'>Rursus</span> <span class='ocrx_word' id='word_1_102' title='bbox 354 1967 424 2006; x_wconf 91' lang='lat' dir='ltr'>cura</span> <span class='ocrx_word' id='word_1_103' title='bbox 438 1960 553 2024; x_wconf 88' lang='lat' dir='ltr'>patrum</span> <span class='ocrx_word' id='word_1_104' title='bbox 568 1948 675 2008; x_wconf 90' lang='lat' dir='ltr'>cadere</span> <span class='ocrx_word' id='word_1_105' title='bbox 690 1960 720 2007; x_wconf 91' lang='lat' dir='ltr'>et</span> <span class='ocrx_word' id='word_1_106' title='bbox 734 1948 893 2007; x_wconf 90' lang='lat' dir='ltr'>succedere</span> <span class='ocrx_word' id='word_1_107' title='bbox 908 1961 1032 2006; x_wconf 87' lang='lat' dir='ltr'>matrum</span> 
     </span>
     <span class='ocr_line' id='line_1_18' title="bbox 188 2047 976 2123; baseline 0.001 -21"><span class='ocrx_word' id='word_1_108' title='bbox 188 2047 297 2121; x_wconf 90' lang='lat' dir='ltr'>incipit.</span> <span class='ocrx_word' id='word_1_109' title='bbox 341 2047 459 2105; x_wconf 86' lang='lat' dir='ltr'>Exactis</span> <span class='ocrx_word' id='word_1_110' title='bbox 474 2047 610 2123; x_wconf 88' lang='lat' dir='ltr'>gravidae</span> <span class='ocrx_word' id='word_1_111' title='bbox 626 2066 693 2106; x_wconf 92' lang='lat' dir='ltr'>cum</span> <span class='ocrx_word' id='word_1_112' title='bbox 709 2048 857 2118; x_wconf 88' lang='lat' dir='ltr'>mensibus</span> <span class='ocrx_word' id='word_1_113' title='bbox 873 2057 976 2117; x_wconf 86' lang='lat' dir='ltr'>errant,</span> 
     </span>
     <span class='ocr_line' id='line_1_19' title="bbox 187 2145 1001 2221; baseline 0.002 -21"><span class='ocrx_word' id='word_1_114' title='bbox 187 2163 247 2201; x_wconf 93' lang='lat' dir='ltr'>non</span> <span class='ocrx_word' id='word_1_115' title='bbox 262 2145 322 2202; x_wconf 90' lang='lat' dir='ltr'>illas</span> <span class='ocrx_word' id='word_1_116' title='bbox 337 2146 470 2219; x_wconf 81' lang='lat' dir='ltr'>gravibus</span> <span class='ocrx_word' id='word_1_117' title='bbox 485 2145 638 2220; x_wconf 91' lang='lat' dir='ltr'>quisquam</span> <span class='ocrx_word' id='word_1_118' title='bbox 655 2147 722 2221; x_wconf 88' lang='lat' dir='ltr'>iuga</span> <span class='ocrx_word' id='word_1_119' title='bbox 736 2145 845 2203; x_wconf 92' lang='lat' dir='ltr'>ducere</span> <span class='ocrx_word' id='word_1_120' title='bbox 860 2145 1001 2220; x_wconf 87' lang='lat' dir='ltr'>plaustris,</span> 
     </span>
     <span class='ocr_line' id='line_1_20' title="bbox 187 2243 862 2318; baseline 0.003 -20"><span class='ocrx_word' id='word_1_121' title='bbox 187 2261 247 2299; x_wconf 91' lang='lat' dir='ltr'>non</span> <span class='ocrx_word' id='word_1_122' title='bbox 262 2243 334 2299; x_wconf 90' lang='lat' dir='ltr'>saltu</span> <span class='ocrx_word' id='word_1_123' title='bbox 349 2261 485 2317; x_wconf 86' lang='lat' dir='ltr'>superare</span> <span class='ocrx_word' id='word_1_124' title='bbox 500 2244 576 2300; x_wconf 86' lang='lat' dir='ltr'>viam</span> <span class='ocrx_word' id='word_1_125' title='bbox 591 2244 627 2300; x_wconf 92' lang='lat' dir='ltr'>sit</span> <span class='ocrx_word' id='word_1_126' title='bbox 641 2261 743 2318; x_wconf 89' lang='lat' dir='ltr'>passus</span> <span class='ocrx_word' id='word_1_127' title='bbox 758 2254 788 2300; x_wconf 92' lang='lat' dir='ltr'>et</span> <span class='ocrx_word' id='word_1_128' title='bbox 803 2244 862 2300; x_wconf 92' lang='lat' dir='ltr'>acri</span> 
     </span>
     <span class='ocr_line' id='line_1_21' title="bbox 188 2340 910 2416; baseline 0.003 -20"><span class='ocrx_word' id='word_1_129' title='bbox 188 2358 305 2414; x_wconf 89' lang='lat' dir='ltr'>carpere</span> <span class='ocrx_word' id='word_1_130' title='bbox 320 2350 403 2414; x_wconf 91' lang='lat' dir='ltr'>prata</span> <span class='ocrx_word' id='word_1_131' title='bbox 417 2341 484 2416; x_wconf 83' lang='lat' dir='ltr'>fuga</span> <span class='ocrx_word' id='word_1_132' title='bbox 499 2340 659 2414; x_wconf 89' lang='lat' dir='ltr'>fluviosque</span> <span class='ocrx_word' id='word_1_133' title='bbox 674 2342 774 2399; x_wconf 90' lang='lat' dir='ltr'>innare</span> <span class='ocrx_word' id='word_1_134' title='bbox 789 2342 910 2416; x_wconf 88' lang='lat' dir='ltr'>rapacis.</span> 
     </span>
     <span class='ocr_line' id='line_1_22' title="bbox 188 2438 932 2514; baseline 0 -19"><span class='ocrx_word' id='word_1_135' title='bbox 188 2438 312 2495; x_wconf 87' lang='lat' dir='ltr'>Saltibus</span> <span class='ocrx_word' id='word_1_136' title='bbox 327 2438 356 2494; x_wconf 94' lang='lat' dir='ltr'>in</span> <span class='ocrx_word' id='word_1_137' title='bbox 371 2438 469 2496; x_wconf 89' lang='lat' dir='ltr'>vacuis</span> <span class='ocrx_word' id='word_1_138' title='bbox 484 2449 608 2514; x_wconf 91' lang='lat' dir='ltr'>pascunt</span> <span class='ocrx_word' id='word_1_139' title='bbox 623 2448 652 2495; x_wconf 88' lang='lat' dir='ltr'>et</span> <span class='ocrx_word' id='word_1_140' title='bbox 668 2440 755 2513; x_wconf 89' lang='lat' dir='ltr'>plena</span> <span class='ocrx_word' id='word_1_141' title='bbox 769 2438 932 2496; x_wconf 92' lang='lat' dir='ltr'>secundum</span> 
     </span>
     <span class='ocr_line' id='line_1_23' title="bbox 187 2535 973 2612; baseline 0.001 -20"><span class='ocrx_word' id='word_1_142' title='bbox 187 2535 313 2606; x_wconf 91' lang='lat' dir='ltr'>flumina,</span> <span class='ocrx_word' id='word_1_143' title='bbox 329 2555 447 2594; x_wconf 92' lang='lat' dir='ltr'>muscus</span> <span class='ocrx_word' id='word_1_144' title='bbox 465 2537 514 2595; x_wconf 91' lang='lat' dir='ltr'>ubi</span> <span class='ocrx_word' id='word_1_145' title='bbox 529 2547 557 2594; x_wconf 91' lang='lat' dir='ltr'>et</span> <span class='ocrx_word' id='word_1_146' title='bbox 573 2536 745 2594; x_wconf 89' lang='lat' dir='ltr'>viridissima</span> <span class='ocrx_word' id='word_1_147' title='bbox 758 2538 887 2612; x_wconf 88' lang='lat' dir='ltr'>gramine</span> <span class='ocrx_word' id='word_1_148' title='bbox 902 2538 973 2612; x_wconf 90' lang='lat' dir='ltr'>ripa,</span> 
     </span>
     <span class='ocr_line' id='line_1_24' title="bbox 187 2635 946 2709; baseline 0.001 -19"><span class='ocrx_word' id='word_1_149' title='bbox 187 2635 402 2709; x_wconf 88' lang='lat' dir='ltr'>speluncaeque</span> <span class='ocrx_word' id='word_1_150' title='bbox 418 2644 517 2709; x_wconf 87' lang='lat' dir='ltr'>tegant</span> <span class='ocrx_word' id='word_1_151' title='bbox 532 2645 562 2692; x_wconf 92' lang='lat' dir='ltr'>et</span> <span class='ocrx_word' id='word_1_152' title='bbox 576 2653 663 2692; x_wconf 86' lang='lat' dir='ltr'>saxea</span> <span class='ocrx_word' id='word_1_153' title='bbox 678 2637 821 2708; x_wconf 90' lang='lat' dir='ltr'>procubet</span> <span class='ocrx_word' id='word_1_154' title='bbox 836 2636 946 2692; x_wconf 90' lang='lat' dir='ltr'>umbra.</span> 
     </span>
     <span class='ocr_line' id='line_1_25' title="bbox 188 2724 867 2806; baseline 0.001 -18"><span class='ocrx_word' id='word_1_155' title='bbox 188 2732 239 2789; x_wconf 91' lang='lat' dir='ltr'>Est</span> <span class='ocrx_word' id='word_1_156' title='bbox 254 2732 335 2789; x_wconf 86' lang='lat' dir='ltr'>lucos</span> <span class='ocrx_word' id='word_1_157' title='bbox 351 2732 431 2790; x_wconf 87' lang='lat' dir='ltr'>Silari</span> <span class='ocrx_word' id='word_1_158' title='bbox 447 2733 524 2789; x_wconf 93' lang='lat' dir='ltr'>circa</span> <span class='ocrx_word' id='word_1_159' title='bbox 538 2732 712 2806; x_wconf 90' lang='lat' dir='ltr'>ilicibusque</span> <span class='ocrx_word' id='word_1_160' title='bbox 727 2724 867 2790; x_wconf 78' lang='lat' dir='ltr'>virentem</span> 
     </span>
     <span class='ocr_line' id='line_1_26' title="bbox 187 2827 921 2904; baseline 0.004 -19"><span class='ocrx_word' id='word_1_161' title='bbox 187 2827 325 2904; x_wconf 84' lang='lat' dir='ltr'>plurimus</span> <span class='ocrx_word' id='word_1_162' title='bbox 341 2830 501 2888; x_wconf 88' lang='lat' dir='ltr'>Alburnum</span> <span class='ocrx_word' id='word_1_163' title='bbox 517 2830 648 2901; x_wconf 89' lang='lat' dir='ltr'>volitans,</span> <span class='ocrx_word' id='word_1_164' title='bbox 665 2830 714 2887; x_wconf 89' lang='lat' dir='ltr'>cui</span> <span class='ocrx_word' id='word_1_165' title='bbox 726 2849 836 2888; x_wconf 91' lang='lat' dir='ltr'>nomen</span> <span class='ocrx_word' id='word_1_166' title='bbox 851 2831 921 2888; x_wconf 90' lang='lat' dir='ltr'>asilo</span> 
     </span>
     <span class='ocr_line' id='line_1_27' title="bbox 187 2928 940 2998; baseline 0.001 -14"><span class='ocrx_word' id='word_1_167' title='bbox 187 2928 354 2985; x_wconf 90' lang='lat' dir='ltr'>Romanurn</span> <span class='ocrx_word' id='word_1_168' title='bbox 369 2937 421 2998; x_wconf 92' lang='lat' dir='ltr'>est,</span> <span class='ocrx_word' id='word_1_169' title='bbox 437 2939 565 2985; x_wconf 91' lang='lat' dir='ltr'>oestrum</span> <span class='ocrx_word' id='word_1_170' title='bbox 581 2929 651 2986; x_wconf 91' lang='lat' dir='ltr'>Grai</span> <span class='ocrx_word' id='word_1_171' title='bbox 665 2937 777 2986; x_wconf 90' lang='lat' dir='ltr'>vertere</span> <span class='ocrx_word' id='word_1_172' title='bbox 792 2939 940 2998; x_wconf 87' lang='lat' dir='ltr'>vocantes,</span> 
     </span>
     <span class='ocr_line' id='line_1_28' title="bbox 186 3025 920 3100; baseline 0.004 -19"><span class='ocrx_word' id='word_1_173' title='bbox 186 3043 278 3100; x_wconf 86' lang='lat' dir='ltr'>asper,</span> <span class='ocrx_word' id='word_1_174' title='bbox 294 3025 400 3083; x_wconf 89' lang='lat' dir='ltr'>acerba</span> <span class='ocrx_word' id='word_1_175' title='bbox 414 3044 529 3096; x_wconf 91' lang='lat' dir='ltr'>sonans,</span> <span class='ocrx_word' id='word_1_176' title='bbox 545 3045 604 3100; x_wconf 91' lang='lat' dir='ltr'>quo</span> <span class='ocrx_word' id='word_1_177' title='bbox 620 3037 682 3084; x_wconf 90' lang='lat' dir='ltr'>tota</span> <span class='ocrx_word' id='word_1_178' title='bbox 696 3027 830 3083; x_wconf 89' lang='lat' dir='ltr'>exterrita</span> <span class='ocrx_word' id='word_1_179' title='bbox 844 3026 920 3084; x_wconf 90' lang='lat' dir='ltr'>silvis</span> 
     </span>
     <span class='ocr_line' id='line_1_29' title="bbox 185 3121 862 3198; baseline 0.003 -19"><span class='ocrx_word' id='word_1_180' title='bbox 185 3121 339 3198; x_wconf 85' lang='lat' dir='ltr'>diffugiunt</span> <span class='ocrx_word' id='word_1_181' title='bbox 354 3133 493 3193; x_wconf 89' lang='lat' dir='ltr'>armenta,</span> <span class='ocrx_word' id='word_1_182' title='bbox 510 3123 575 3180; x_wconf 86' lang='lat' dir='ltr'>furit</span> <span class='ocrx_word' id='word_1_183' title='bbox 590 3125 747 3198; x_wconf 87' lang='lat' dir='ltr'>mugitibus</span> <span class='ocrx_word' id='word_1_184' title='bbox 762 3124 862 3181; x_wconf 87' lang='lat' dir='ltr'>aether</span> 
     </span>
     <span class='ocr_line' id='line_1_30' title="bbox 186 3220 864 3296; baseline 0.004 -21"><span class='ocrx_word' id='word_1_185' title='bbox 186 3238 346 3278; x_wconf 90' lang='lat' dir='ltr'>concussus</span> <span class='ocrx_word' id='word_1_186' title='bbox 361 3220 508 3294; x_wconf 89' lang='lat' dir='ltr'>silvaeque</span> <span class='ocrx_word' id='word_1_187' title='bbox 524 3232 553 3277; x_wconf 91' lang='lat' dir='ltr'>et</span> <span class='ocrx_word' id='word_1_188' title='bbox 566 3221 639 3278; x_wconf 86' lang='lat' dir='ltr'>sicci</span> <span class='ocrx_word' id='word_1_189' title='bbox 653 3222 716 3296; x_wconf 92' lang='lat' dir='ltr'>ripa</span> <span class='ocrx_word' id='word_1_190' title='bbox 729 3223 864 3296; x_wconf 87' lang='lat' dir='ltr'>Tanagri.</span> 
     </span>
     <span class='ocr_line' id='line_1_31' title="bbox 187 3318 938 3392; baseline 0.003 -18"><span class='ocrx_word' id='word_1_191' title='bbox 187 3319 256 3375; x_wconf 91' lang='lat' dir='ltr'>Hoc</span> <span class='ocrx_word' id='word_1_192' title='bbox 272 3318 423 3392; x_wconf 90' lang='lat' dir='ltr'>quondam</span> <span class='ocrx_word' id='word_1_193' title='bbox 439 3329 569 3376; x_wconf 90' lang='lat' dir='ltr'>monstro</span> <span class='ocrx_word' id='word_1_194' title='bbox 585 3318 726 3377; x_wconf 92' lang='lat' dir='ltr'>horribilis</span> <span class='ocrx_word' id='word_1_195' title='bbox 741 3320 869 3377; x_wconf 89' lang='lat' dir='ltr'>exercuit</span> <span class='ocrx_word' id='word_1_196' title='bbox 884 3320 938 3376; x_wconf 91' lang='lat' dir='ltr'>iras</span> 
     </span>
     <span class='ocr_line' id='line_1_32' title="bbox 186 3416 867 3492; baseline 0.003 -20"><span class='ocrx_word' id='word_1_197' title='bbox 186 3416 325 3480; x_wconf 87' lang='lat' dir='ltr'>Inachiae</span> <span class='ocrx_word' id='word_1_198' title='bbox 341 3417 417 3474; x_wconf 90' lang='lat' dir='ltr'>Iuno</span> <span class='ocrx_word' id='word_1_199' title='bbox 432 3427 547 3492; x_wconf 87' lang='lat' dir='ltr'>pestem</span> <span class='ocrx_word' id='word_1_200' title='bbox 562 3417 703 3475; x_wconf 86' lang='lat' dir='ltr'>meditata</span> <span class='ocrx_word' id='word_1_201' title='bbox 717 3418 867 3475; x_wconf 84' lang='lat' dir='ltr'>iuvencae.</span> 
     </span>
     <span class='ocr_line' id='line_1_33' title="bbox 186 3515 1016 3589; baseline 0.002 -19"><span class='ocrx_word' id='word_1_202' title='bbox 186 3515 276 3571; x_wconf 90' lang='lat' dir='ltr'>Hunc</span> <span class='ocrx_word' id='word_1_203' title='bbox 291 3532 419 3589; x_wconf 90' lang='lat' dir='ltr'>quoque,</span> <span class='ocrx_word' id='word_1_204' title='bbox 436 3534 504 3572; x_wconf 90' lang='lat' dir='ltr'>nam</span> <span class='ocrx_word' id='word_1_205' title='bbox 519 3515 622 3572; x_wconf 88' lang='lat' dir='ltr'>mediis</span> <span class='ocrx_word' id='word_1_206' title='bbox 639 3516 799 3574; x_wconf 89' lang='lat' dir='ltr'>fervoribus</span> <span class='ocrx_word' id='word_1_207' title='bbox 813 3517 907 3573; x_wconf 89' lang='lat' dir='ltr'>acrior</span> <span class='ocrx_word' id='word_1_208' title='bbox 921 3517 1016 3586; x_wconf 90' lang='lat' dir='ltr'>instat,</span> 
     </span>
     <span class='ocr_line' id='line_1_34' title="bbox 184 3612 880 3689; baseline 0.007 -22"><span class='ocrx_word' id='word_1_209' title='bbox 184 3612 295 3670; x_wconf 91' lang='lat' dir='ltr'>arcebis</span> <span class='ocrx_word' id='word_1_210' title='bbox 311 3613 431 3687; x_wconf 86' lang='lat' dir='ltr'>gravido</span> <span class='ocrx_word' id='word_1_211' title='bbox 446 3615 555 3687; x_wconf 83' lang='lat' dir='ltr'>pecori,</span> <span class='ocrx_word' id='word_1_212' title='bbox 571 3624 761 3689; x_wconf 86' lang='lat' dir='ltr'>armentaque</span> <span class='ocrx_word' id='word_1_213' title='bbox 777 3632 880 3689; x_wconf 88' lang='lat' dir='ltr'>pasces</span> 
     </span>
     <span class='ocr_line' id='line_1_35' title="bbox 184 3709 937 3771; baseline 0.007 -6"><span class='ocrx_word' id='word_1_214' title='bbox 184 3709 244 3766; x_wconf 91' lang='lat' dir='ltr'>sole</span> <span class='ocrx_word' id='word_1_215' title='bbox 259 3728 363 3768; x_wconf 91' lang='lat' dir='ltr'>recens</span> <span class='ocrx_word' id='word_1_216' title='bbox 377 3722 441 3769; x_wconf 86' lang='lat' dir='ltr'>orto</span> <span class='ocrx_word' id='word_1_217' title='bbox 456 3721 506 3768; x_wconf 87' lang='lat' dir='ltr'>aut</span> <span class='ocrx_word' id='word_1_218' title='bbox 520 3722 639 3769; x_wconf 90' lang='lat' dir='ltr'>noctem</span> <span class='ocrx_word' id='word_1_219' title='bbox 655 3712 831 3770; x_wconf 88' lang='lat' dir='ltr'>ducentibus</span> <span class='ocrx_word' id='word_1_220' title='bbox 846 3713 937 3771; x_wconf 82' lang='lat' dir='ltr'>astris</span> 
     </span>
     <span class='ocr_line' id='line_1_36' title="bbox 225 3809 963 3883; baseline 0.007 -19"><span class='ocrx_word' id='word_1_221' title='bbox 225 3809 294 3865; x_wconf 88' lang='lat' dir='ltr'>Post</span> <span class='ocrx_word' id='word_1_222' title='bbox 308 3817 422 3883; x_wconf 88' lang='lat' dir='ltr'>partum</span> <span class='ocrx_word' id='word_1_223' title='bbox 438 3828 506 3866; x_wconf 91' lang='lat' dir='ltr'>cura</span> <span class='ocrx_word' id='word_1_224' title='bbox 521 3810 549 3866; x_wconf 91' lang='lat' dir='ltr'>in</span> <span class='ocrx_word' id='word_1_225' title='bbox 566 3811 669 3867; x_wconf 91' lang='lat' dir='ltr'>vitulos</span> <span class='ocrx_word' id='word_1_226' title='bbox 686 3811 844 3869; x_wconf 88' lang='lat' dir='ltr'>traducitur</span> <span class='ocrx_word' id='word_1_227' title='bbox 858 3812 963 3882; x_wconf 91' lang='lat' dir='ltr'>omnis,</span> 
     </span>
    </p>
   </div>
   <div class='ocr_carea' id='block_1_3' title="bbox 0 0 1376 4284">
    <p class='ocr_par' dir='ltr' id='par_1_3' title="bbox 0 0 1376 4284">
     <span class='ocr_line' id='line_1_37' title="bbox 0 0 1376 4284; baseline 0 1"><span class='ocrx_word' id='word_1_228' title='bbox 0 0 1376 4284; x_wconf 95' lang='lat' dir='ltr'> </span> 
     </span>
    </p>
   </div>
  </div>
 </body>
</html>
