<?xml version="1.0" encoding="UTF-8"?>
<!DOCTYPE html PUBLIC "-//W3C//DTD XHTML 1.0 Transitional//EN"
    "http://www.w3.org/TR/xhtml1/DTD/xhtml1-transitional.dtd">
<html xmlns="http://www.w3.org/1999/xhtml" xml:lang="en" lang="en">
 <head>
  <title>
</title>
<meta http-equiv="Content-Type" content="text/html;charset=utf-8" />
  <meta name='ocr-system' content='tesseract 3.04.00' />
  <meta name='ocr-capabilities' content='ocr_page ocr_carea ocr_par ocr_line ocrx_word'/>
</head>
<body>
  <div class='ocr_page' id='page_1' title='image "./greaterpoemsvir03virggoog_0197.png"; bbox 0 0 2742 4284; ppageno 0'>
   <div class='ocr_carea' id='block_1_1' title="bbox 156 266 887 348">
    <p class='ocr_par' dir='ltr' id='par_1_1' title="bbox 156 266 887 348">
     <span class='ocr_line' id='line_1_1' title="bbox 156 266 887 348; baseline 0.007 -24"><span class='ocrx_word' id='word_1_1' title='bbox 156 278 191 324; x_wconf 89' lang='lat'><strong>11.</strong></span> <span class='ocrx_word' id='word_1_2' title='bbox 203 277 274 340; x_wconf 82' lang='lat'>464]</span> <span class='ocrx_word' id='word_1_3' title='bbox 476 266 597 330; x_wconf 82' lang='lat' dir='ltr'><strong>Praise</strong></span> <span class='ocrx_word' id='word_1_4' title='bbox 619 268 660 348; x_wconf 82' lang='lat' dir='ltr'><strong>of</strong></span> <span class='ocrx_word' id='word_1_5' title='bbox 675 267 887 347; x_wconf 84' lang='lat' dir='ltr'><strong>Husbandry.</strong></span> 
     </span>
    </p>
   </div>
   <div class='ocr_carea' id='block_1_2' title="bbox 143 453 1028 3660">
    <p class='ocr_par' dir='ltr' id='par_1_2' title="bbox 155 453 937 528">
     <span class='ocr_line' id='line_1_2' title="bbox 155 453 937 528; baseline 0 -18"><span class='ocrx_word' id='word_1_6' title='bbox 155 462 373 528; x_wconf 89' lang='lat' dir='ltr'><strong>pascunturque</strong></span> <span class='ocrx_word' id='word_1_7' title='bbox 388 453 470 527; x_wconf 87' lang='lat' dir='ltr'><strong>ignes</strong></span> <span class='ocrx_word' id='word_1_8' title='bbox 486 454 618 510; x_wconf 86' lang='lat' dir='ltr'><strong>nocturni</strong></span> <span class='ocrx_word' id='word_1_9' title='bbox 629 462 663 509; x_wconf 84' lang='lat' dir='ltr'><strong>&#39;et</strong></span> <span class='ocrx_word' id='word_1_10' title='bbox 678 453 789 510; x_wconf 89' lang='lat' dir='ltr'><strong>lumina</strong></span> <span class='ocrx_word' id='word_1_11' title='bbox 803 453 937 511; x_wconf 91' lang='lat' dir='ltr'><strong>fundunt.</strong></span> 
     </span>
    </p>

    <p class='ocr_par' dir='ltr' id='par_1_3' title="bbox 157 550 1028 625">
     <span class='ocr_line' id='line_1_3' title="bbox 157 550 1028 625; baseline 0 -17"><span class='ocrx_word' id='word_1_12' title='bbox 157 553 196 608; x_wconf 93' lang='lat' dir='ltr'><strong>Et</strong></span> <span class='ocrx_word' id='word_1_13' title='bbox 210 550 344 608; x_wconf 89' lang='lat' dir='ltr'><strong>dubitant</strong></span> <span class='ocrx_word' id='word_1_14' title='bbox 359 551 492 608; x_wconf 92' lang='lat' dir='ltr'><strong>homines</strong></span> <span class='ocrx_word' id='word_1_15' title='bbox 508 568 602 608; x_wconf 81' lang='lat' dir='ltr'>serere</span> <span class='ocrx_word' id='word_1_16' title='bbox 617 560 705 624; x_wconf 89' lang='lat' dir='ltr'><strong>atque</strong></span> <span class='ocrx_word' id='word_1_17' title='bbox 720 550 892 625; x_wconf 85' lang='lat' dir='ltr'><strong>impendere</strong></span> <span class='ocrx_word' id='word_1_18' title='bbox 908 552 1028 608; x_wconf 84' lang='lat' dir='ltr'><strong>curam?</strong></span> 
     </span>
    </p>

    <p class='ocr_par' dir='ltr' id='par_1_4' title="bbox 157 647 993 724">
     <span class='ocr_line' id='line_1_4' title="bbox 157 647 993 724; baseline 0.001 -19"><span class='ocrx_word' id='word_1_19' title='bbox 157 647 237 722; x_wconf 90' lang='lat' dir='ltr'><strong>Quid</strong></span> <span class='ocrx_word' id='word_1_20' title='bbox 252 649 362 706; x_wconf 86' lang='lat' dir='ltr'><strong>maiora</strong></span> <span class='ocrx_word' id='word_1_21' title='bbox 376 650 501 722; x_wconf 86' lang='lat' dir='ltr'><strong>sequar?</strong></span> <span class='ocrx_word' id='word_1_22' title='bbox 542 648 650 706; x_wconf 84' lang='lat' dir='ltr'><strong>Salices</strong></span> <span class='ocrx_word' id='word_1_23' title='bbox 666 648 848 722; x_wconf 89' lang='lat' dir='ltr'><strong>humilesque</strong></span> <span class='ocrx_word' id='word_1_24' title='bbox 862 648 993 724; x_wconf 81' lang='lat' dir='ltr'><strong>genistae</strong></span> 
     </span>
    </p>

    <p class='ocr_par' dir='ltr' id='par_1_5' title="bbox 156 745 924 820">
     <span class='ocr_line' id='line_1_5' title="bbox 156 745 924 820; baseline -0.001 -17"><span class='ocrx_word' id='word_1_25' title='bbox 156 756 204 803; x_wconf 88' lang='lat' dir='ltr'><strong>aut</strong></span> <span class='ocrx_word' id='word_1_26' title='bbox 218 746 282 802; x_wconf 88' lang='lat' dir='ltr'><strong>illae</strong></span> <span class='ocrx_word' id='word_1_27' title='bbox 298 747 400 820; x_wconf 91' lang='lat' dir='ltr'><strong>pecori</strong></span> <span class='ocrx_word' id='word_1_28' title='bbox 415 746 550 803; x_wconf 89' lang='lat' dir='ltr'><strong>frondem</strong></span> <span class='ocrx_word' id='word_1_29' title='bbox 566 756 615 802; x_wconf 91' lang='lat' dir='ltr'><strong>aut</strong></span> <span class='ocrx_word' id='word_1_30' title='bbox 629 746 793 820; x_wconf 91' lang='lat' dir='ltr'><strong>pastoribus</strong></span> <span class='ocrx_word' id='word_1_31' title='bbox 808 745 924 803; x_wconf 89' lang='lat' dir='ltr'><strong>umbras</strong></span> 
     </span>
    </p>

    <p class='ocr_par' dir='ltr' id='par_1_6' title="bbox 155 843 844 918">
     <span class='ocr_line' id='line_1_6' title="bbox 155 843 844 918; baseline -0.001 -17"><span class='ocrx_word' id='word_1_32' title='bbox 155 844 302 901; x_wconf 89' lang='lat' dir='ltr'><strong>sufficiunt</strong></span> <span class='ocrx_word' id='word_1_33' title='bbox 316 861 495 918; x_wconf 88' lang='lat' dir='ltr'><strong>saepemque</strong></span> <span class='ocrx_word' id='word_1_34' title='bbox 510 843 578 900; x_wconf 90' lang='lat' dir='ltr'><strong>satis</strong></span> <span class='ocrx_word' id='word_1_35' title='bbox 594 853 623 900; x_wconf 94' lang='lat' dir='ltr'><strong>et</strong></span> <span class='ocrx_word' id='word_1_36' title='bbox 637 844 744 918; x_wconf 87' lang='lat' dir='ltr'><strong>pabula</strong></span> <span class='ocrx_word' id='word_1_37' title='bbox 757 843 844 900; x_wconf 92' lang='lat' dir='ltr'><strong>melli.</strong></span> 
     </span>
    </p>

    <p class='ocr_par' dir='ltr' id='par_1_7' title="bbox 156 940 856 1016">
     <span class='ocr_line' id='line_1_7' title="bbox 156 940 856 1016; baseline 0 -18"><span class='ocrx_word' id='word_1_38' title='bbox 156 943 194 998; x_wconf 90' lang='lat' dir='ltr'><strong>Et</strong></span> <span class='ocrx_word' id='word_1_39' title='bbox 208 943 285 998; x_wconf 90' lang='lat' dir='ltr'><strong>iuvat</strong></span> <span class='ocrx_word' id='word_1_40' title='bbox 300 940 460 999; x_wconf 91' lang='lat' dir='ltr'><strong>undantem</strong></span> <span class='ocrx_word' id='word_1_41' title='bbox 474 941 553 999; x_wconf 86' lang='lat' dir='ltr'><strong>buxo</strong></span> <span class='ocrx_word' id='word_1_42' title='bbox 568 950 699 1016; x_wconf 86' lang='lat' dir='ltr'><strong>spectare</strong></span> <span class='ocrx_word' id='word_1_43' title='bbox 716 942 856 1016; x_wconf 90' lang='lat' dir='ltr'><strong>Cytorum</strong></span> 
     </span>
    </p>

    <p class='ocr_par' dir='ltr' id='par_1_8' title="bbox 155 1038 838 1114">
     <span class='ocr_line' id='line_1_8' title="bbox 155 1038 838 1114; baseline 0 -18"><span class='ocrx_word' id='word_1_44' title='bbox 155 1040 358 1114; x_wconf 89' lang='lat' dir='ltr'><strong>Naryciaeque</strong></span> <span class='ocrx_word' id='word_1_45' title='bbox 373 1039 447 1113; x_wconf 91' lang='lat' dir='ltr'><strong>picis</strong></span> <span class='ocrx_word' id='word_1_46' title='bbox 462 1039 552 1108; x_wconf 68' lang='lat' dir='ltr'><strong>lucos</strong></span> <span class='ocrx_word' id='word_1_47' title='bbox 568 1039 645 1095; x_wconf 90' lang='lat' dir='ltr'><strong>iuvat</strong></span> <span class='ocrx_word' id='word_1_48' title='bbox 660 1057 727 1096; x_wconf 87' lang='lat' dir='ltr'><strong>arva</strong></span> <span class='ocrx_word' id='word_1_49' title='bbox 741 1038 838 1096; x_wconf 90' lang='lat' dir='ltr'><strong>videre</strong></span> 
     </span>
    </p>

    <p class='ocr_par' dir='ltr' id='par_1_9' title="bbox 154 1136 896 1206">
     <span class='ocr_line' id='line_1_9' title="bbox 154 1136 896 1206; baseline -0.001 -12"><span class='ocrx_word' id='word_1_50' title='bbox 154 1156 214 1195; x_wconf 92' lang='lat' dir='ltr'><strong>non</strong></span> <span class='ocrx_word' id='word_1_51' title='bbox 229 1137 334 1206; x_wconf 92' lang='lat' dir='ltr'><strong>rastris,</strong></span> <span class='ocrx_word' id='word_1_52' title='bbox 352 1137 504 1193; x_wconf 90' lang='lat' dir='ltr'><strong>hominum</strong></span> <span class='ocrx_word' id='word_1_53' title='bbox 519 1155 579 1192; x_wconf 93' lang='lat' dir='ltr'><strong>non</strong></span> <span class='ocrx_word' id='word_1_54' title='bbox 594 1136 643 1193; x_wconf 91' lang='lat' dir='ltr'><strong>ulli</strong></span> <span class='ocrx_word' id='word_1_55' title='bbox 658 1136 787 1194; x_wconf 87' lang='lat' dir='ltr'><strong>obnoxia</strong></span> <span class='ocrx_word' id='word_1_56' title='bbox 800 1155 896 1204; x_wconf 85' lang='lat' dir='ltr'><strong>curae.</strong></span> 
     </span>
    </p>

    <p class='ocr_par' dir='ltr' id='par_1_10' title="bbox 155 1234 813 1311">
     <span class='ocr_line' id='line_1_10' title="bbox 155 1234 813 1311; baseline -0.003 -18"><span class='ocrx_word' id='word_1_57' title='bbox 155 1237 240 1311; x_wconf 91' lang='lat' dir='ltr'><strong>Ipsae</strong></span> <span class='ocrx_word' id='word_1_58' title='bbox 256 1235 408 1293; x_wconf 88' lang='lat' dir='ltr'><strong>Caucaseo</strong></span> <span class='ocrx_word' id='word_1_59' title='bbox 423 1235 532 1291; x_wconf 88' lang='lat' dir='ltr'><strong>steriles</strong></span> <span class='ocrx_word' id='word_1_60' title='bbox 547 1234 576 1290; x_wconf 93' lang='lat' dir='ltr'><strong>in</strong></span> <span class='ocrx_word' id='word_1_61' title='bbox 591 1234 699 1291; x_wconf 92' lang='lat' dir='ltr'><strong>vertice</strong></span> <span class='ocrx_word' id='word_1_62' title='bbox 716 1235 813 1305; x_wconf 88' lang='lat' dir='ltr'><strong>silvae,</strong></span> 
     </span>
    </p>

    <p class='ocr_par' dir='ltr' id='par_1_11' title="bbox 154 1331 973 1408">
     <span class='ocr_line' id='line_1_11' title="bbox 154 1331 973 1408; baseline 0 -18"><span class='ocrx_word' id='word_1_63' title='bbox 154 1353 225 1408; x_wconf 89' lang='lat' dir='ltr'><strong>quas</strong></span> <span class='ocrx_word' id='word_1_64' title='bbox 240 1334 362 1390; x_wconf 89' lang='lat' dir='ltr'><strong>animosi</strong></span> <span class='ocrx_word' id='word_1_65' title='bbox 379 1333 448 1389; x_wconf 87' lang='lat' dir='ltr'><strong>Euri</strong></span> <span class='ocrx_word' id='word_1_66' title='bbox 464 1331 587 1389; x_wconf 90' lang='lat' dir='ltr'><strong>adsidue</strong></span> <span class='ocrx_word' id='word_1_67' title='bbox 601 1332 795 1407; x_wconf 85' lang='lat' dir='ltr'><strong>franguntque</strong></span> <span class='ocrx_word' id='word_1_68' title='bbox 810 1333 973 1406; x_wconf 91' lang='lat' dir='ltr'><strong>feruntque,</strong></span> 
     </span>
    </p>

    <p class='ocr_par' dir='ltr' id='par_1_12' title="bbox 154 1429 792 1505">
     <span class='ocr_line' id='line_1_12' title="bbox 154 1429 792 1505; baseline 0 -17"><span class='ocrx_word' id='word_1_69' title='bbox 154 1431 225 1488; x_wconf 89' lang='lat' dir='ltr'><strong>dant</strong></span> <span class='ocrx_word' id='word_1_70' title='bbox 240 1431 311 1488; x_wconf 93' lang='lat' dir='ltr'><strong>alios</strong></span> <span class='ocrx_word' id='word_1_71' title='bbox 326 1431 398 1487; x_wconf 91' lang='lat' dir='ltr'><strong>aliae</strong></span> <span class='ocrx_word' id='word_1_72' title='bbox 413 1430 497 1501; x_wconf 90' lang='lat' dir='ltr'><strong>fetus,</strong></span> <span class='ocrx_word' id='word_1_73' title='bbox 513 1429 584 1486; x_wconf 92' lang='lat' dir='ltr'><strong>dant</strong></span> <span class='ocrx_word' id='word_1_74' title='bbox 598 1430 667 1488; x_wconf 90' lang='lat' dir='ltr'><strong>utile</strong></span> <span class='ocrx_word' id='word_1_75' title='bbox 682 1431 792 1505; x_wconf 89' lang='lat' dir='ltr'><strong>lignum</strong></span> 
     </span>
    </p>

    <p class='ocr_par' dir='ltr' id='par_1_13' title="bbox 153 1510 968 1604">
     <span class='ocr_line' id='line_1_13' title="bbox 153 1510 968 1604; baseline 0.001 -18"><span class='ocrx_word' id='word_1_76' title='bbox 153 1529 272 1604; x_wconf 88' lang='lat' dir='ltr'><strong>navigiis</strong></span> <span class='ocrx_word' id='word_1_77' title='bbox 287 1510 536 1604; x_wconf 45' lang='lat' dir='ltr'><strong>pinus,&#39;domibus</strong></span> <span class='ocrx_word' id='word_1_78' title='bbox 551 1527 732 1603; x_wconf 89' lang='lat' dir='ltr'><strong>cedrumque</strong></span> <span class='ocrx_word' id='word_1_79' title='bbox 748 1547 968 1603; x_wconf 89' lang='lat' dir='ltr'><strong>cupressosque.</strong></span> 
     </span>
    </p>

    <p class='ocr_par' dir='ltr' id='par_1_14' title="bbox 155 1625 939 1701">
     <span class='ocr_line' id='line_1_14' title="bbox 155 1625 939 1701; baseline -0.001 -17"><span class='ocrx_word' id='word_1_80' title='bbox 155 1628 236 1684; x_wconf 93' lang='lat' dir='ltr'><strong>Hinc</strong></span> <span class='ocrx_word' id='word_1_81' title='bbox 247 1627 343 1684; x_wconf 89' lang='lat' dir='ltr'><strong>radios</strong></span> <span class='ocrx_word' id='word_1_82' title='bbox 358 1626 461 1683; x_wconf 89' lang='lat' dir='ltr'><strong>trivere</strong></span> <span class='ocrx_word' id='word_1_83' title='bbox 475 1626 555 1696; x_wconf 90' lang='lat' dir='ltr'><strong>rotis,</strong></span> <span class='ocrx_word' id='word_1_84' title='bbox 570 1625 638 1682; x_wconf 90' lang='lat' dir='ltr'><strong>hinc</strong></span> <span class='ocrx_word' id='word_1_85' title='bbox 654 1636 793 1701; x_wconf 90' lang='lat' dir='ltr'><strong>tympana</strong></span> <span class='ocrx_word' id='word_1_86' title='bbox 807 1627 939 1701; x_wconf 90' lang='lat' dir='ltr'><strong>plaustris</strong></span> 
     </span>
    </p>

    <p class='ocr_par' dir='ltr' id='par_1_15' title="bbox 152 1722 875 1800">
     <span class='ocr_line' id='line_1_15' title="bbox 152 1722 875 1800; baseline 0 -18"><span class='ocrx_word' id='word_1_87' title='bbox 152 1725 306 1800; x_wconf 89' lang='lat' dir='ltr'><strong>agricolae,</strong></span> <span class='ocrx_word' id='word_1_88' title='bbox 322 1733 351 1780; x_wconf 94' lang='lat' dir='ltr'><strong>et</strong></span> <span class='ocrx_word' id='word_1_89' title='bbox 365 1722 477 1798; x_wconf 89' lang='lat' dir='ltr'><strong>pandas</strong></span> <span class='ocrx_word' id='word_1_90' title='bbox 492 1722 600 1780; x_wconf 89' lang='lat' dir='ltr'><strong>ratibus</strong></span> <span class='ocrx_word' id='word_1_91' title='bbox 615 1741 739 1798; x_wconf 90' lang='lat' dir='ltr'><strong>posuere</strong></span> <span class='ocrx_word' id='word_1_92' title='bbox 754 1725 875 1782; x_wconf 88' lang='lat' dir='ltr'><strong>carinas.</strong></span> 
     </span>
    </p>

    <p class='ocr_par' dir='ltr' id='par_1_16' title="bbox 151 1819 864 1892">
     <span class='ocr_line' id='line_1_16' title="bbox 151 1819 864 1892; baseline 0 -14"><span class='ocrx_word' id='word_1_93' title='bbox 151 1822 316 1879; x_wconf 92' lang='lat' dir='ltr'><strong>Viminibus</strong></span> <span class='ocrx_word' id='word_1_94' title='bbox 331 1821 442 1892; x_wconf 90' lang='lat' dir='ltr'><strong>salices,</strong></span> <span class='ocrx_word' id='word_1_95' title='bbox 459 1819 604 1878; x_wconf 88' lang='lat' dir='ltr'><strong>fecundae</strong></span> <span class='ocrx_word' id='word_1_96' title='bbox 619 1820 771 1879; x_wconf 90' lang='lat' dir='ltr'><strong>frondibus</strong></span> <span class='ocrx_word' id='word_1_97' title='bbox 786 1822 864 1891; x_wconf 94' lang='lat' dir='ltr'><strong>ulmi,</strong></span> 
     </span>
    </p>

    <p class='ocr_par' dir='ltr' id='par_1_17' title="bbox 151 1917 811 1995">
     <span class='ocr_line' id='line_1_17' title="bbox 151 1917 811 1995; baseline -0.003 -18"><span class='ocrx_word' id='word_1_98' title='bbox 151 1930 181 1978; x_wconf 92' lang='lat' dir='ltr'><strong>at</strong></span> <span class='ocrx_word' id='word_1_99' title='bbox 195 1929 304 1995; x_wconf 90' lang='lat' dir='ltr'><strong>myrtus</strong></span> <span class='ocrx_word' id='word_1_100' title='bbox 318 1917 419 1975; x_wconf 88' lang='lat' dir='ltr'><strong>validis</strong></span> <span class='ocrx_word' id='word_1_101' title='bbox 435 1918 583 1976; x_wconf 90' lang='lat' dir='ltr'><strong>hastilibus</strong></span> <span class='ocrx_word' id='word_1_102' title='bbox 598 1929 627 1975; x_wconf 92' lang='lat' dir='ltr'><strong>et</strong></span> <span class='ocrx_word' id='word_1_103' title='bbox 642 1920 720 1977; x_wconf 90' lang='lat' dir='ltr'><strong>bona</strong></span> <span class='ocrx_word' id='word_1_104' title='bbox 734 1920 811 1977; x_wconf 88' lang='lat' dir='ltr'><strong>bello</strong></span> 
     </span>
    </p>

    <p class='ocr_par' dir='ltr' id='par_1_18' title="bbox 151 2017 821 2090">
     <span class='ocr_line' id='line_1_18' title="bbox 151 2017 821 2090; baseline -0.003 -14"><span class='ocrx_word' id='word_1_105' title='bbox 151 2037 266 2088; x_wconf 89' lang='lat' dir='ltr'><strong>cornus,</strong></span> <span class='ocrx_word' id='word_1_106' title='bbox 284 2019 413 2075; x_wconf 86' lang='lat' dir='ltr'><strong>Ituraeos</strong></span> <span class='ocrx_word' id='word_1_107' title='bbox 427 2017 485 2073; x_wconf 88' lang='lat' dir='ltr'><strong>taxi</strong></span> <span class='ocrx_word' id='word_1_108' title='bbox 501 2027 671 2090; x_wconf 91' lang='lat' dir='ltr'><strong>torquentur</strong></span> <span class='ocrx_word' id='word_1_109' title='bbox 685 2017 715 2074; x_wconf 90' lang='lat' dir='ltr'><strong>in</strong></span> <span class='ocrx_word' id='word_1_110' title='bbox 729 2035 821 2074; x_wconf 84' lang='lat' dir='ltr'><strong>arcus</strong></span> 
     </span>
    </p>

    <p class='ocr_par' dir='ltr' id='par_1_19' title="bbox 151 2114 790 2173">
     <span class='ocr_line' id='line_1_19' title="bbox 151 2114 790 2173; baseline -0.002 0"><span class='ocrx_word' id='word_1_111' title='bbox 151 2117 217 2173; x_wconf 91' lang='lat' dir='ltr'><strong>Nec</strong></span> <span class='ocrx_word' id='word_1_112' title='bbox 232 2115 310 2172; x_wconf 90' lang='lat' dir='ltr'><strong>tiliae</strong></span> <span class='ocrx_word' id='word_1_113' title='bbox 325 2115 403 2171; x_wconf 89' lang='lat' dir='ltr'><strong>leves</strong></span> <span class='ocrx_word' id='word_1_114' title='bbox 418 2123 467 2170; x_wconf 92' lang='lat' dir='ltr'><strong>aut</strong></span> <span class='ocrx_word' id='word_1_115' title='bbox 481 2123 567 2170; x_wconf 88' lang='lat' dir='ltr'><strong>torno</strong></span> <span class='ocrx_word' id='word_1_116' title='bbox 582 2114 665 2171; x_wconf 89' lang='lat' dir='ltr'><strong>rasile</strong></span> <span class='ocrx_word' id='word_1_117' title='bbox 681 2115 790 2172; x_wconf 87' lang='lat' dir='ltr'><strong>buxum</strong></span> 
     </span>
    </p>

    <p class='ocr_par' dir='ltr' id='par_1_20' title="bbox 150 2211 920 2286">
     <span class='ocr_line' id='line_1_20' title="bbox 150 2211 920 2286; baseline 0 -15"><span class='ocrx_word' id='word_1_118' title='bbox 150 2232 210 2271; x_wconf 90' lang='lat' dir='ltr'><strong>non</strong></span> <span class='ocrx_word' id='word_1_119' title='bbox 225 2213 348 2270; x_wconf 87' lang='lat' dir='ltr'><strong>formam</strong></span> <span class='ocrx_word' id='word_1_120' title='bbox 363 2213 510 2286; x_wconf 91' lang='lat' dir='ltr'><strong>accipiunt</strong></span> <span class='ocrx_word' id='word_1_121' title='bbox 525 2211 658 2286; x_wconf 92' lang='lat' dir='ltr'><strong>ferroque</strong></span> <span class='ocrx_word' id='word_1_122' title='bbox 674 2222 812 2270; x_wconf 89' lang='lat' dir='ltr'><strong>cavantur</strong></span> <span class='ocrx_word' id='word_1_123' title='bbox 826 2224 920 2271; x_wconf 92' lang='lat' dir='ltr'><strong>acut0.</strong></span> 
     </span>
    </p>

    <p class='ocr_par' dir='ltr' id='par_1_21' title="bbox 150 2293 937 2368">
     <span class='ocr_line' id='line_1_21' title="bbox 150 2293 937 2368; baseline 0 0"><span class='ocrx_word' id='word_1_124' title='bbox 150 2313 216 2368; x_wconf 93' lang='lat' dir='ltr'><strong>Nec</strong></span> <span class='ocrx_word' id='word_1_125' title='bbox 232 2329 291 2368; x_wconf 93' lang='lat' dir='ltr'><strong>non</strong></span> <span class='ocrx_word' id='word_1_126' title='bbox 306 2321 335 2367; x_wconf 88' lang='lat' dir='ltr'><strong>et</strong></span> <span class='ocrx_word' id='word_1_127' title='bbox 350 2293 508 2366; x_wconf 85' lang='lat' dir='ltr'><strong>torrentem</strong></span> <span class='ocrx_word' id='word_1_128' title='bbox 523 2309 633 2367; x_wconf 88' lang='lat' dir='ltr'><strong>undam</strong></span> <span class='ocrx_word' id='word_1_129' title='bbox 647 2310 717 2366; x_wconf 90' lang='lat' dir='ltr'><strong>levis</strong></span> <span class='ocrx_word' id='word_1_130' title='bbox 732 2310 842 2368; x_wconf 90' lang='lat' dir='ltr'><strong>innatat</strong></span> <span class='ocrx_word' id='word_1_131' title='bbox 856 2311 937 2368; x_wconf 91' lang='lat' dir='ltr'><strong>alnus</strong></span> 
     </span>
    </p>

    <p class='ocr_par' dir='ltr' id='par_1_22' title="bbox 150 2407 929 2482">
     <span class='ocr_line' id='line_1_22' title="bbox 150 2407 929 2482; baseline -0.001 -16"><span class='ocrx_word' id='word_1_132' title='bbox 150 2409 238 2466; x_wconf 90' lang='lat' dir='ltr'><strong>missa</strong></span> <span class='ocrx_word' id='word_1_133' title='bbox 252 2407 352 2480; x_wconf 81' lang='lat' dir='ltr'><strong>Pad03</strong></span> <span class='ocrx_word' id='word_1_134' title='bbox 375 2427 430 2465; x_wconf 89' lang='lat' dir='ltr'><strong>nec</strong></span> <span class='ocrx_word' id='word_1_135' title='bbox 445 2427 505 2464; x_wconf 90' lang='lat' dir='ltr'><strong>non</strong></span> <span class='ocrx_word' id='word_1_136' title='bbox 521 2419 549 2464; x_wconf 89' lang='lat' dir='ltr'><strong>et</strong></span> <span class='ocrx_word' id='word_1_137' title='bbox 564 2426 634 2482; x_wconf 92' lang='lat' dir='ltr'><strong>apes</strong></span> <span class='ocrx_word' id='word_1_138' title='bbox 650 2409 784 2466; x_wconf 87' lang='lat' dir='ltr'><strong>examina</strong></span> <span class='ocrx_word' id='word_1_139' title='bbox 798 2409 929 2466; x_wconf 91' lang='lat' dir='ltr'><strong>condunt</strong></span> 
     </span>
    </p>

    <p class='ocr_par' dir='ltr' id='par_1_23' title="bbox 148 2506 825 2580">
     <span class='ocr_line' id='line_1_23' title="bbox 148 2506 825 2580; baseline 0 -17"><span class='ocrx_word' id='word_1_140' title='bbox 148 2506 364 2580; x_wconf 86' lang='lat' dir='ltr'><strong>corticibusque</strong></span> <span class='ocrx_word' id='word_1_141' title='bbox 379 2506 456 2564; x_wconf 87' lang='lat' dir='ltr'><strong>cavis</strong></span> <span class='ocrx_word' id='word_1_142' title='bbox 471 2506 649 2580; x_wconf 90' lang='lat' dir='ltr'><strong>vitiosaeque</strong></span> <span class='ocrx_word' id='word_1_143' title='bbox 665 2506 738 2563; x_wconf 92' lang='lat' dir='ltr'><strong>ilicis</strong></span> <span class='ocrx_word' id='word_1_144' title='bbox 753 2507 825 2564; x_wconf 90' lang='lat' dir='ltr'><strong>alvo.</strong></span> 
     </span>
    </p>

    <p class='ocr_par' dir='ltr' id='par_1_24' title="bbox 149 2596 1016 2678">
     <span class='ocr_line' id='line_1_24' title="bbox 149 2596 1016 2678; baseline 0.002 -17"><span class='ocrx_word' id='word_1_145' title='bbox 149 2603 229 2678; x_wconf 88' lang='lat' dir='ltr'><strong>Quid</strong></span> <span class='ocrx_word' id='word_1_146' title='bbox 245 2603 467 2660; x_wconf 90' lang='lat' dir='ltr'><strong>memorandum</strong></span> <span class='ocrx_word' id='word_1_147' title='bbox 484 2622 577 2677; x_wconf 89' lang='lat' dir='ltr'><strong>aeque</strong></span> <span class='ocrx_word' id='word_1_148' title='bbox 593 2604 740 2660; x_wconf 90' lang='lat' dir='ltr'><strong>Baccheia</strong></span> <span class='ocrx_word' id='word_1_149' title='bbox 754 2603 833 2662; x_wconf 89' lang='lat' dir='ltr'><strong>dona</strong></span> <span class='ocrx_word' id='word_1_150' title='bbox 847 2606 993 2663; x_wconf 86' lang='lat' dir='ltr'><strong>tulerunt?</strong></span> <span class='ocrx_word' id='word_1_151' title='bbox 1014 2596 1016 2599; x_wconf 37' lang='lat'>¹</span> 
     </span>
    </p>

    <p class='ocr_par' dir='ltr' id='par_1_25' title="bbox 148 2700 947 2775">
     <span class='ocr_line' id='line_1_25' title="bbox 148 2700 947 2775; baseline 0.001 -16"><span class='ocrx_word' id='word_1_152' title='bbox 148 2702 282 2759; x_wconf 90' lang='lat' dir='ltr'><strong>Bacchus</strong></span> <span class='ocrx_word' id='word_1_153' title='bbox 297 2711 326 2758; x_wconf 94' lang='lat' dir='ltr'><strong>et</strong></span> <span class='ocrx_word' id='word_1_154' title='bbox 340 2700 377 2757; x_wconf 94' lang='lat' dir='ltr'><strong>ad</strong></span> <span class='ocrx_word' id='word_1_155' title='bbox 392 2700 509 2775; x_wconf 90' lang='lat' dir='ltr'><strong>culpam</strong></span> <span class='ocrx_word' id='word_1_156' title='bbox 525 2719 626 2758; x_wconf 89' lang='lat' dir='ltr'><strong>causas</strong></span> <span class='ocrx_word' id='word_1_157' title='bbox 642 2701 743 2772; x_wconf 83' lang='lat' dir='ltr'><strong>dedit;</strong></span> <span class='ocrx_word' id='word_1_158' title='bbox 767 2703 812 2758; x_wconf 90' lang='lat' dir='ltr'><strong>ille</strong></span> <span class='ocrx_word' id='word_1_159' title='bbox 828 2703 947 2760; x_wconf 88' lang='lat' dir='ltr'><strong>furentis</strong></span> 
     </span>
    </p>

    <p class='ocr_par' dir='ltr' id='par_1_26' title="bbox 147 2798 946 2875">
     <span class='ocr_line' id='line_1_26' title="bbox 147 2798 946 2875; baseline 0.001 -18"><span class='ocrx_word' id='word_1_160' title='bbox 147 2801 310 2858; x_wconf 89' lang='lat' dir='ltr'><strong>Centauros</strong></span> <span class='ocrx_word' id='word_1_161' title='bbox 324 2799 383 2856; x_wconf 89' lang='lat' dir='ltr'><strong>leto</strong></span> <span class='ocrx_word' id='word_1_162' title='bbox 398 2798 522 2869; x_wconf 90' lang='lat' dir='ltr'><strong>domuit,</strong></span> <span class='ocrx_word' id='word_1_163' title='bbox 539 2799 749 2873; x_wconf 87' lang='lat' dir='ltr'><strong>Rhoetumque</strong></span> <span class='ocrx_word' id='word_1_164' title='bbox 766 2801 946 2875; x_wconf 88' lang='lat' dir='ltr'><strong>Pholumque</strong></span> 
     </span>
    </p>

    <p class='ocr_par' dir='ltr' id='par_1_27' title="bbox 147 2897 944 3068">
     <span class='ocr_line' id='line_1_27' title="bbox 147 2897 944 2974; baseline 0.003 -20"><span class='ocrx_word' id='word_1_165' title='bbox 147 2911 176 2955; x_wconf 88' lang='lat' dir='ltr'><strong>et</strong></span> <span class='ocrx_word' id='word_1_166' title='bbox 190 2916 298 2972; x_wconf 87' lang='lat' dir='ltr'><strong>magno</strong></span> <span class='ocrx_word' id='word_1_167' title='bbox 314 2897 461 2972; x_wconf 90' lang='lat' dir='ltr'><strong>Hylaeum</strong></span> <span class='ocrx_word' id='word_1_168' title='bbox 477 2897 607 2970; x_wconf 84' lang='lat' dir='ltr'><strong>Lapithis</strong></span> <span class='ocrx_word' id='word_1_169' title='bbox 622 2907 733 2954; x_wconf 91' lang='lat' dir='ltr'><strong>cratere</strong></span> <span class='ocrx_word' id='word_1_170' title='bbox 748 2899 916 2956; x_wconf 88' lang='lat' dir='ltr'><strong>minantem.</strong></span> <span class='ocrx_word' id='word_1_171' title='bbox 942 2971 944 2974; x_wconf 84' lang='lat'>.</span> 
     </span>
     <span class='ocr_line' id='line_1_28' title="bbox 187 2995 856 3068; baseline -0.003 -13"><span class='ocrx_word' id='word_1_172' title='bbox 187 2995 215 3055; x_wconf 97' lang='lat' dir='ltr'>O</span> <span class='ocrx_word' id='word_1_173' title='bbox 229 2996 391 3053; x_wconf 92' lang='lat' dir='ltr'><strong>fortunatos</strong></span> <span class='ocrx_word' id='word_1_174' title='bbox 407 2995 539 3065; x_wconf 91' lang='lat' dir='ltr'><strong>nimium,</strong></span> <span class='ocrx_word' id='word_1_175' title='bbox 554 3013 607 3052; x_wconf 89' lang='lat' dir='ltr'><strong>sua</strong></span> <span class='ocrx_word' id='word_1_176' title='bbox 620 2996 644 3052; x_wconf 93' lang='lat' dir='ltr'><strong>si</strong></span> <span class='ocrx_word' id='word_1_177' title='bbox 659 2996 738 3052; x_wconf 91' lang='lat' dir='ltr'><strong>bona</strong></span> <span class='ocrx_word' id='word_1_178' title='bbox 752 2996 856 3068; x_wconf 89' lang='lat' dir='ltr'><strong>norint,</strong></span> 
     </span>
    </p>

    <p class='ocr_par' dir='ltr' id='par_1_28' title="bbox 146 3092 910 3168">
     <span class='ocr_line' id='line_1_29' title="bbox 146 3092 910 3168; baseline 0.003 -18"><span class='ocrx_word' id='word_1_179' title='bbox 146 3093 295 3168; x_wconf 85' lang='lat' dir='ltr'><strong>agricolas,</strong></span> <span class='ocrx_word' id='word_1_180' title='bbox 312 3093 418 3167; x_wconf 90' lang='lat' dir='ltr'><strong>quibus</strong></span> <span class='ocrx_word' id='word_1_181' title='bbox 433 3094 496 3168; x_wconf 89' lang='lat' dir='ltr'><strong>ipsa</strong></span> <span class='ocrx_word' id='word_1_182' title='bbox 510 3093 611 3168; x_wconf 92' lang='lat' dir='ltr'><strong>procul</strong></span> <span class='ocrx_word' id='word_1_183' title='bbox 626 3092 811 3151; x_wconf 90' lang='lat' dir='ltr'><strong>discordibus</strong></span> <span class='ocrx_word' id='word_1_184' title='bbox 825 3096 910 3152; x_wconf 91' lang='lat' dir='ltr'><strong>armis</strong></span> 
     </span>
    </p>

    <p class='ocr_par' dir='ltr' id='par_1_29' title="bbox 145 3190 876 3249">
     <span class='ocr_line' id='line_1_30' title="bbox 145 3190 876 3249; baseline 0 0"><span class='ocrx_word' id='word_1_185' title='bbox 145 3190 240 3249; x_wconf 87' lang='lat' dir='ltr'><strong>fundit</strong></span> <span class='ocrx_word' id='word_1_186' title='bbox 256 3191 347 3249; x_wconf 90' lang='lat' dir='ltr'><strong>humo</strong></span> <span class='ocrx_word' id='word_1_187' title='bbox 362 3191 476 3249; x_wconf 83' lang='lat' dir='ltr'><strong>facilem</strong></span> <span class='ocrx_word' id='word_1_188' title='bbox 493 3191 601 3247; x_wconf 90' lang='lat' dir='ltr'><strong>victum</strong></span> <span class='ocrx_word' id='word_1_189' title='bbox 616 3191 772 3249; x_wconf 91' lang='lat' dir='ltr'><strong>iustissima</strong></span> <span class='ocrx_word' id='word_1_190' title='bbox 785 3192 876 3249; x_wconf 82' lang='lat' dir='ltr'><strong>tellus</strong></span> 
     </span>
    </p>

    <p class='ocr_par' dir='ltr' id='par_1_30' title="bbox 145 3289 870 3367">
     <span class='ocr_line' id='line_1_31' title="bbox 145 3289 870 3367; baseline -0.003 -19"><span class='ocrx_word' id='word_1_191' title='bbox 145 3292 173 3349; x_wconf 90' lang='lat' dir='ltr'><strong>Si</strong></span> <span class='ocrx_word' id='word_1_192' title='bbox 188 3310 249 3348; x_wconf 92' lang='lat' dir='ltr'><strong>non</strong></span> <span class='ocrx_word' id='word_1_193' title='bbox 263 3292 412 3367; x_wconf 88' lang='lat' dir='ltr'><strong>ingentem</strong></span> <span class='ocrx_word' id='word_1_194' title='bbox 427 3291 535 3347; x_wconf 89' lang='lat' dir='ltr'><strong>foribus</strong></span> <span class='ocrx_word' id='word_1_195' title='bbox 550 3289 655 3346; x_wconf 91' lang='lat' dir='ltr'><strong>domus</strong></span> <span class='ocrx_word' id='word_1_196' title='bbox 669 3290 725 3346; x_wconf 91' lang='lat' dir='ltr'><strong>alta</strong></span> <span class='ocrx_word' id='word_1_197' title='bbox 740 3289 870 3364; x_wconf 90' lang='lat' dir='ltr'><strong>superbis</strong></span> 
     </span>
    </p>

    <p class='ocr_par' dir='ltr' id='par_1_31' title="bbox 145 3386 876 3458">
     <span class='ocr_line' id='line_1_32' title="bbox 145 3386 876 3458; baseline -0.004 -11"><span class='ocrx_word' id='word_1_198' title='bbox 145 3407 230 3447; x_wconf 91' lang='lat' dir='ltr'><strong>mane</strong></span> <span class='ocrx_word' id='word_1_199' title='bbox 246 3390 420 3447; x_wconf 85' lang='lat' dir='ltr'><strong>salutantum</strong></span> <span class='ocrx_word' id='word_1_200' title='bbox 435 3389 502 3446; x_wconf 92' lang='lat' dir='ltr'><strong>totis</strong></span> <span class='ocrx_word' id='word_1_201' title='bbox 516 3388 606 3445; x_wconf 93' lang='lat' dir='ltr'><strong>vomit</strong></span> <span class='ocrx_word' id='word_1_202' title='bbox 621 3387 743 3445; x_wconf 93' lang='lat' dir='ltr'><strong>aedibus</strong></span> <span class='ocrx_word' id='word_1_203' title='bbox 758 3386 876 3458; x_wconf 91' lang='lat' dir='ltr'><strong>undam,</strong></span> 
     </span>
    </p>

    <p class='ocr_par' dir='ltr' id='par_1_32' title="bbox 144 3485 854 3560">
     <span class='ocr_line' id='line_1_33' title="bbox 144 3485 854 3560; baseline -0.004 -15"><span class='ocrx_word' id='word_1_204' title='bbox 144 3507 201 3545; x_wconf 90' lang='lat' dir='ltr'><strong>nec</strong></span> <span class='ocrx_word' id='word_1_205' title='bbox 214 3488 308 3545; x_wconf 88' lang='lat' dir='ltr'><strong>varios</strong></span> <span class='ocrx_word' id='word_1_206' title='bbox 323 3487 435 3544; x_wconf 91' lang='lat' dir='ltr'><strong>inhiant</strong></span> <span class='ocrx_word' id='word_1_207' title='bbox 449 3486 571 3560; x_wconf 90' lang='lat' dir='ltr'><strong>pulchra</strong></span> <span class='ocrx_word' id='word_1_208' title='bbox 585 3485 731 3542; x_wconf 89' lang='lat' dir='ltr'><strong>testudine</strong></span> <span class='ocrx_word' id='word_1_209' title='bbox 746 3495 854 3560; x_wconf 89' lang='lat' dir='ltr'><strong>postes,</strong></span> 
     </span>
    </p>

    <p class='ocr_par' dir='ltr' id='par_1_33' title="bbox 143 3566 817 3660">
     <span class='ocr_line' id='line_1_34' title="bbox 143 3566 817 3660; baseline -0.006 -17"><span class='ocrx_word' id='word_1_210' title='bbox 143 3585 309 3660; x_wconf 88' lang='lat' dir='ltr'><strong>inlusasque</strong></span> <span class='ocrx_word' id='word_1_211' title='bbox 324 3603 395 3642; x_wconf 88' lang='lat' dir='ltr'><strong>auro</strong></span> <span class='ocrx_word' id='word_1_212' title='bbox 410 3594 505 3641; x_wconf 86' lang='lat' dir='ltr'><strong>vestes</strong></span> <span class='ocrx_word' id='word_1_213' title='bbox 521 3584 727 3658; x_wconf 86' lang='lat' dir='ltr'><strong>Ephyreiaque</strong></span> <span class='ocrx_word' id='word_1_214' title='bbox 742 3566 817 3654; x_wconf 87' lang='lat' dir='ltr'><strong>aera,</strong></span> 
     </span>
    </p>
   </div>
   <div class='ocr_carea' id='block_1_3' title="bbox 201 3729 1139 3849">
    <p class='ocr_par' dir='ltr' id='par_1_34' title="bbox 201 3729 1139 3849">
     <span class='ocr_line' id='line_1_35' title="bbox 201 3729 1139 3788; baseline 0.002 -14"><span class='ocrx_word' id='word_1_215' title='bbox 201 3730 353 3788; x_wconf 79' lang='lat' dir='ltr'><strong>⁴⁸³rejected.</strong></span> <span class='ocrx_word' id='word_1_216' title='bbox 370 3731 398 3775; x_wconf 89' lang='lat' dir='ltr'><strong>R.</strong></span> <span class='ocrx_word' id='word_1_217' title='bbox 452 3729 607 3775; x_wconf 59' lang='lat' dir='ltr'><strong>fflumbram.</strong></span> <span class='ocrx_word' id='word_1_218' title='bbox 624 3731 652 3775; x_wconf 90' lang='lat' dir='ltr'><strong>R.</strong></span> <span class='ocrx_word' id='word_1_219' title='bbox 707 3730 740 3761; x_wconf 77' lang='lat'><strong>⁴4⁸</strong></span> <span class='ocrx_word' id='word_1_220' title='bbox 746 3732 823 3787; x_wconf 77' lang='lat' dir='ltr'><strong>pinos.</strong></span> <span class='ocrx_word' id='word_1_221' title='bbox 840 3731 896 3776; x_wconf 80' lang='lat' dir='ltr'><strong>Eds.</strong></span> <span class='ocrx_word' id='word_1_222' title='bbox 946 3730 981 3762; x_wconf 74' lang='lat'><strong>⁴⁶⁸</strong></span> <span class='ocrx_word' id='word_1_223' title='bbox 991 3731 1065 3777; x_wconf 83' lang='lat' dir='ltr'><strong>alveo.</strong></span> <span class='ocrx_word' id='word_1_224' title='bbox 1082 3732 1139 3777; x_wconf 80' lang='lat' dir='ltr'><strong>Eds</strong></span> 
     </span>
     <span class='ocr_line' id='line_1_36' title="bbox 593 3803 806 3849; baseline 0.009 -2"><span class='ocrx_word' id='word_1_225' title='bbox 593 3803 627 3837; x_wconf 65' lang='lat'><strong>⁴⁵⁶</strong></span> <span class='ocrx_word' id='word_1_226' title='bbox 637 3805 762 3849; x_wconf 81' lang='lat' dir='ltr'><strong>Rhoecum.</strong></span> <span class='ocrx_word' id='word_1_227' title='bbox 779 3806 806 3849; x_wconf 91' lang='lat' dir='ltr'><strong>R.</strong></span> 
     </span>
    </p>
   </div>
   <div class='ocr_carea' id='block_1_4' title="bbox 0 0 1376 4284">
    <p class='ocr_par' dir='ltr' id='par_1_35' title="bbox 0 0 1376 4284">
     <span class='ocr_line' id='line_1_37' title="bbox 0 0 1376 4284; baseline 0 4"><span class='ocrx_word' id='word_1_228' title='bbox 0 0 1376 4284; x_wconf 95' lang='lat' dir='ltr'><strong> </strong></span> 
     </span>
    </p>
   </div>
  </div>
 </body>
</html>
