2742 4284
146 345 293 411 vl1.347.]
376 333 443 398 Slce
468 331 567 398 Seeks
590 331 642 394 tlte
664 330 740 394 alid
758 331 799 411 of
815 329 868 391 tlte
890 328 985 410 Futy.

144 534 237 600 atque
253 523 374 580 immota
388 527 487 578 manet
501 518 564 576 fatis
576 516 696 577 Lavinia
710 515 856 575 coniunx:

144 620 306 679 attrahere
322 628 409 693 atque
425 633 520 675 moras
534 615 620 673 tantis
635 614 703 672 licet
716 611 826 670 addere
841 614 936 683 rebus,

144 731 176 777 at
191 719 261 776 licet
275 716 428 774 amborum
443 713 567 789 populos
582 711 754 770 exscindere
767 729 880 788 regum.

147 819 221 875 Hac
234 831 325 890 gener
339 821 426 887 atque
441 828 525 868 socer
540 823 646 866 coeant
661 812 799 870 mercede
813 831 950 871 suorum:

145 918 291 993 sauguine
306 915 434 973 Troiano
449 922 478 971 et
493 913 603 971 Rutulo
618 913 769 984 dotabere,
784 915 873 988 virgo,

146 1027 179 1074 et
193 1014 318 1074 Bellona
332 1022 431 1070 manet
444 1020 473 1068 te
488 1012 630 1086 pronuba.
674 1013 740 1069 Nec
755 1013 818 1069 face
833 1021 947 1070 tantum

129 1145 132 1151 ·
148 1115 260 1173 Cisseis
274 1132 436 1189 praegnans
451 1112 523 1188 ignis
539 1114 624 1171 enixa
640 1112 759 1187 iugalis,

148 1213 222 1288 quin
238 1211 317 1270 idem
331 1215 439 1272 Veneri
454 1223 551 1290 partus
568 1234 636 1272 suus
651 1223 680 1270 et
695 1211 773 1269 Paris
787 1211 859 1268 alter

147 1311 341 1385 funestaeque
357 1312 459 1369 iterum
475 1311 603 1370 recidiva
617 1312 647 1369 in
664 1311 806 1385 Pergama
819 1309 942 1367 taedae)

193 1410 280 1468 Haec
296 1408 345 1466 ubi
359 1408 438 1466 dicta
452 1409 544 1480 dedit,
560 1419 648 1467 terras
663 1407 810 1466 horrenda
823 1407 942 1483 petivit:

149 1507 309 1565 luctificam
323 1507 439 1566 Allecto
452 1507 578 1566 dirarum
594 1508 632 1567 ab
645 1505 717 1564 sede
733 1505 853 1564 dearum

149 1605 328 1679 insemisque
344 1605 402 1663 ciet
417 1606 553 1676 tenebris,
569 1607 616 1662 cui
633 1604 723 1662 tristia
736 1603 812 1662 bella

149 1702 269 1778 iraeque
285 1702 466 1778 insidiaeque
483 1713 512 1762 et
528 1704 650 1761 crimina
664 1701 753 1760 noxia
767 1701 858 1760 cordi.

151 1799 225 1860 Odit
239 1809 269 1858 et
283 1801 345 1876 ipse
360 1811 444 1876 pater
458 1802 572 1871 Pluton,
587 1801 678 1859 odere
694 1818 807 1858 sorores

149 1899 307 1956 Tartareae
323 1908 502 1957 monstrum:
526 1907 569 1957 tot
584 1917 647 1956 sese
661 1899 746 1955 vertit
760 1899 790 1954 iu
804 1916 864 1967 ora,

149 2005 212 2054 tam
226 2014 330 2056 saevae
345 1997 443 2068 facies
459 2006 503 2055 tot
517 1997 637 2071 pullulat
651 2007 713 2054 atra
727 1995 862 2054 colubris.

152 2094 250 2168 Quam
267 2095 343 2152 Iuno
357 2094 401 2152 his
416 2095 493 2152 acuit
508 2094 601 2152 verbis
616 2112 651 2151 ac
666 2094 734 2150 talia
747 2094 837 2150 fatur:

150 2192 266 2249 ‘Hunc
280 2191 352 2249 mihi
366 2191 405 2249 da
418 2192 578 2268 proprium,
593 2192 673 2266 virgo
688 2199 751 2249 sata
766 2191 872 2261 Nocte,
888 2190 1027 2261 laborem,

150 2290 228 2347 hanc
244 2307 374 2364 operam,
391 2307 429 2348 ne
444 2300 543 2347 noster
557 2289 651 2347 bonos
666 2289 823 2346 infractave
838 2286 925 2345 cedat

149 2387 230 2445 fama
243 2387 320 2458 loco,
336 2405 392 2445 neu
408 2387 543 2446 conubiis
557 2387 667 2446 ambire
683 2387 818 2444 Latinum

150 2483 311 2542 Aeneadae
326 2485 439 2560 possint
455 2485 579 2543 Italosve
595 2484 730 2543 obsidere
745 2485 820 2542 finis.

150 2583 198 2640 Tu
212 2592 298 2657 potes
312 2583 468 2641 unanimos
484 2601 593 2640 armare
610 2583 639 2640 in
654 2582 765 2658 proelia
778 2583 881 2640 fratres

150 2690 240 2756 atque
255 2680 330 2738 odiis
345 2699 458 2739 versare
475 2680 590 2751 domos,
607 2690 638 2738 tu
652 2680 773 2738 verbera
786 2680 871 2738 tectis

150 2777 343 2852 funereasque
360 2778 462 2836 inferre
477 2779 566 2849 faces,
581 2779 633 2837 tibi
647 2779 768 2836 nomina
782 2779 870 2849 mille,

151 2875 230 2932 mille
244 2875 374 2933 nocendi
389 2886 473 2934 artes.
518 2875 693 2935 Fecundum
707 2886 835 2934 concute
850 2885 965 2950 pectus,

152 2971 244 3030 disice
260 2974 455 3048 compositam
470 2992 586 3050 pacem,
602 2992 665 3032 sere
680 2974 803 3031 crimina
816 2973 902 3032 belli:

151 3088 214 3127 arm
247 3070 315 3128 velit
329 3081 491 3147 poscatque
507 3072 591 3130 simul
606 3073 757 3147 rapiatque
772 3071 925 3128 inventus!

169 3089 270 3226 ζόη
285 3170 448 3245 Gorgoneis
464 3171 577 3228 Allecto
592 3170 701 3228 infecta
713 3169 834 3227 venenis

150 3266 296 3341 principio
313 3267 426 3325 Latium
443 3278 472 3325 et
488 3267 639 3326 Laurentis
654 3277 734 3325 tecta
747 3266 859 3342 tyranni

151 3363 230 3421 celsa
244 3365 317 3440 petit
332 3365 511 3441 tacitumque
527 3365 645 3423 obsedit
660 3366 750 3423 limen
765 3366 896 3433 Amatae,

150 3480 241 3536 quam
256 3480 343 3538 super
356 3461 484 3520 adventu
498 3464 646 3521 Teucrum
660 3463 810 3537 Turnique
826 3460 997 3536 hymenaeis

150 3558 294 3617 femineae
309 3559 463 3618 ardentem
477 3579 623 3636 curaeque
639 3562 757 3635 iraeque
772 3560 947 3634 coquebant.

151 3656 234 3713 Huic
249 3656 307 3714 dea
322 3658 461 3716 caeruleis
476 3677 566 3716 unum
581 3658 619 3717 de
635 3659 762 3716 crinibus
776 3675 902 3732 anguem

150 3753 262 3811 conicit
275 3753 363 3829 inque
379 3755 475 3813 sinum
490 3755 662 3830 praecordia
676 3754 715 3812 ad
730 3755 842 3812 intuma
855 3754 962 3825 subdit,

217 3881 251 3915 ⁸²⁰
257 3889 386 3942 praegnas.
404 3885 437 3931 H.
525 3883 559 3917 ⁸²⁴
568 3899 683 3931 sororum.
700 3885 734 3930 H.
744 3885 793 3928 and
804 3885 891 3930 others.
977 3882 1093 3930 ⁸⁴1exim.
1109 3884 1137 3928 R.
