2742 4284
159 302 216 377 148
290 298 419 360 Turnus
443 298 619 360 Discovers
642 298 696 360 the
721 297 818 360 Wiles
840 298 1048 379 assutuma.
1086 311 1207 372 [AEnrrn.

153 485 290 542 canitiem
305 484 458 542 immundo
473 485 619 559 perfusam
637 485 754 559 pulvere
769 494 896 559 turpans,

157 579 326 660 [Multaque
341 601 372 640 se
388 581 511 653 incusat,
527 583 576 657 qui
592 601 652 640 non
667 583 815 657 acceperit
829 593 896 640 ante

154 679 336 738 Dardanium
352 681 471 736 Aenean
486 697 686 754 generumque
701 679 856 737 adsciverit
869 679 970 757 ultro.]

195 780 311 836 Interea
325 787 455 834 extremo
471 777 592 835 bellator
605 777 635 834 in
649 795 778 851 aequore
792 779 907 835 Turnus

152 875 276 952 palantis
292 875 422 950 sequitur
435 893 546 950 paucos
561 877 618 932 iam
633 875 750 950 segnior
763 884 851 950 atque

152 976 210 1032 iam
226 973 319 1031 minus
334 983 422 1048 atque
437 973 533 1030 minus
547 991 685 1030 successu
700 973 792 1030 laetus
807 992 949 1048 equorum

153 1072 245 1130 attulit
261 1071 339 1128 hunc
354 1071 393 1128 illi
409 1071 505 1128 caecis
519 1071 674 1129 terroribus
689 1089 759 1129 aura

153 1169 345 1230 commixtum
359 1169 518 1226 clamorem
533 1168 726 1244 adrectasque
740 1169 855 1245 impulit
869 1187 952 1226 aures

154 1267 292 1325 confusae
307 1285 395 1324 sonus
410 1267 487 1324 urbis
503 1276 532 1323 et
546 1266 709 1324 inlaetabile
726 1285 862 1324 murmur.

154 1365 208 1423 ‘Ei
223 1364 294 1422 mihi
307 1368 313 1422 l
357 1363 437 1438 Quid
452 1373 533 1421 tanto
548 1365 699 1421 turbantur
710 1365 829 1422 moenia
841 1364 943 1422 luctu?

153 1463 262 1537 Quisve
277 1463 332 1520 ruit
346 1471 442 1519 tantus
458 1461 571 1519 diversa
585 1462 696 1519 clamor
709 1464 747 1520 ab
762 1463 870 1520 urbe?'

153 1561 200 1620 Sic
215 1560 255 1618 ait
268 1559 465 1634 adductisque
480 1578 581 1617 amens
596 1560 724 1618 subsistit
739 1561 869 1618 habenis.

151 1661 249 1734 Atque
265 1658 342 1730 huic,
358 1658 388 1714 in
403 1658 508 1716 faciem
524 1676 605 1716 soror
619 1667 650 1715 ut
665 1677 807 1716 conversa
822 1659 939 1716 Metisci

152 1755 268 1832 aurigae
283 1774 457 1830 currumque
473 1766 502 1814 et
517 1774 608 1830 equos
624 1767 653 1813 et
667 1757 729 1814 lora
743 1757 870 1832 regebat,

152 1854 255 1912 talibus
271 1853 398 1910 occurrit
413 1853 516 1911 dictis:
541 1855 637 1925 ‘Hac,
652 1855 761 1926 Tume,
776 1873 932 1928 sequamur

151 1951 340 2026 Troiugenas
356 1969 415 2026 qua
428 1953 521 2026 prima
535 1953 611 2009 viam
626 1953 747 2009 victoria
760 1951 882 2026 pandit3

152 2057 219 2106 sunt
232 2047 289 2120 alii,
304 2049 354 2123 qui
369 2057 448 2106 tecta
463 2069 552 2107 manu
566 2049 726 2107 defendere
741 2051 863 2124 possint.

153 2147 264 2221 Ingruit
278 2148 393 2203 Aeneas
409 2147 488 2205 Italis
504 2156 533 2204 et
547 2148 656 2223 proelia
672 2148 793 2205 miscet:

152 2253 180 2301 et
195 2262 249 2301 nos
263 2261 350 2301 saeva
364 2262 453 2301 manu
468 2246 615 2302 mittamus
631 2246 732 2302 funera
745 2246 875 2303 Teucris.

153 2342 218 2398 Nec
233 2359 355 2399 numero
370 2341 487 2400 inferior
501 2362 616 2419 pugnae
632 2361 688 2399 nec
703 2343 814 2400 bonore
829 2342 970 2401 recedes)

151 2441 266 2496 Turnus
280 2438 318 2496 ad
334 2440 426 2498 haec:

152 2538 198 2596 ‘O
213 2556 303 2608 soror,
319 2547 348 2595 et
362 2536 474 2595 dudum
490 2537 625 2613 adgnovi,
641 2558 710 2596 cum
724 2540 818 2614 prima
832 2558 885 2614 per
897 2550 989 2596 artem

151 2634 271 2692 foedera
284 2635 404 2693 turbasti
419 2645 506 2711 teque
521 2635 594 2693 haec
609 2637 639 2693 in
654 2636 730 2694 bella
746 2636 861 2708 dedisti,

153 2743 182 2790 et
196 2751 274 2790 nunc
290 2733 469 2807 nequiquam
484 2734 555 2790 fallis
570 2734 635 2791 dea.
678 2733 736 2792 Sed
751 2735 815 2808 quis
830 2735 958 2810 Olympo

153 2828 309 2887 demissam
324 2839 419 2887 tantos
433 2831 522 2888 voluit
536 2839 565 2887 te
581 2831 653 2888 ferre
668 2831 803 2889 labores?

153 2929 200 2984 An
214 2927 305 2984 fratris
321 2928 417 2986 miseri
432 2928 521 2985 letum
536 2938 568 2986 ut
584 2927 702 2986 crudele
716 2929 851 2988 videres?

154 3025 231 3082 Nam
246 3024 318 3099 quid
332 3026 410 3101 ago?
450 3029 508 3084 Aut
523 3044 597 3101 quae
612 3027 670 3084 iam
685 3026 813 3102 spondet
828 3029 956 3087 Fortuna
969 3030 1112 3087 salutem?

152 3121 221 3179 Vidi
235 3123 337 3180 oculos
352 3133 419 3180 ante
435 3123 496 3198 ipse
512 3142 594 3182 meos
609 3143 656 3182 me
671 3144 745 3183 voce
760 3135 915 3184 vocantem

155 3221 333 3291 Murranum,
349 3239 408 3296 quo
423 3240 484 3279 non
500 3233 616 3297 superat
630 3222 702 3280 mihi
716 3225 809 3281 carior
822 3224 902 3295 alter,

154 3327 294 3392 oppetere
310 3319 458 3394 ingentem
474 3330 561 3394 atque
576 3321 686 3396 ingenti
701 3321 818 3380 voluere
832 3322 950 3380 victum.

155 3414 273 3473 Occidit
288 3417 387 3474 infelix
400 3427 530 3476 nostrum
546 3437 584 3476 ne
600 3417 730 3476 dedecus
745 3420 838 3478 Ufens

154 3511 337 3588 adspiceret3
359 3516 465 3572 Teucri
480 3517 630 3591 potiuntur
645 3536 769 3592 corpore
785 3528 814 3575 et
828 3519 922 3576 armis.

111 3605 116 3612 ’
155 3611 333 3669 Exscindine
349 3611 454 3670 domos
474 3612 519 3690 (id
534 3614 619 3672 rebus
634 3614 728 3672 defuit
741 3615 848 3692 unum)

155 3708 307 3782 perpetiar,
323 3707 425 3768 dextra
438 3728 494 3767 nec
510 3713 634 3770 Drancis
650 3712 731 3770 dicta
745 3715 894 3772 refellam?

190 3833 359 3896 ⁸1⁸⁴rejected
368 3839 400 3895 by
411 3839 439 3885 R.
583 3839 678 3887 ⁶²⁰heu.
694 3843 751 3888 Eds.
896 3843 930 3876 ⁶⁴1
946 3859 975 3888 ne
983 3850 1096 3891 nostrum.
1112 3845 1168 3888 Eds.
