2742 4284
147 313 208 380 150
469 295 601 362 Tamus
622 299 731 362 Meets
748 298 889 365 AEneas.

141 487 330 562 mortepati;
350 485 997 563 nequememdeomemgermanmidebis

141 585 274 660 amplius.
318 585 418 656 Hunc,
433 603 496 656 oro,
510 585 573 642 sine
588 603 636 642 me
650 585 745 643 iurem
759 597 827 644 ante
841 587 988 644 furorem!

142 681 223 740 Dixit
237 694 267 740 et
280 701 298 739 e
313 701 398 740 curru
413 683 519 740 saltum
533 681 618 741 dedit
631 683 715 741 ocius
727 685 802 741 arvis

139 801 252 859 perque
266 783 367 856 hostis,
382 802 435 859 per
447 783 507 842 tela
518 785 577 842 ruit
590 795 791 860 maestamque
805 803 936 843 sororem

139 880 248 940 deserit
261 901 298 940 ac
311 882 417 958 rapido
431 900 518 940 cursu
532 881 631 940 media
644 883 763 958 agmina
774 884 891 958 rumpit

140 982 184 1037 Ac
198 981 287 1037 veluti
300 981 408 1039 montis
421 999 525 1038 saxum
539 980 579 1038 de
593 982 702 1038 vertice
716 999 858 1057 praeceps

140 1097 209 1135 curn
223 1079 279 1136 ruit
292 1079 423 1136 avulsum
437 1089 536 1150 vento,
551 1097 604 1136 seu
618 1079 750 1136 turbidus
764 1080 858 1137 imber

140 1176 246 1251 proluit
259 1187 310 1234 aut
323 1177 407 1234 annis
421 1177 506 1234 solvit
520 1176 657 1252 sublapsa
670 1187 817 1248 vetustas3

140 1273 228 1330 fertur
241 1275 272 1331 in
284 1274 441 1349 abmptum
454 1293 563 1350 magno
579 1292 665 1332 mons
680 1275 830 1350 improbus
843 1287 912 1333 actu

140 1371 322 1447 exsultatque
336 1371 410 1443 solo,
424 1372 510 1430 silvas
524 1383 658 1430 armenta
671 1373 806 1448 virosque

140 1469 290 1528 involvens
303 1489 424 1528 secum:
445 1468 570 1528 disiecta
584 1489 637 1546 per
650 1472 769 1546 agmina
780 1473 897 1529 Turnus

139 1569 182 1626 sic
196 1569 274 1627 urbis
287 1569 343 1626 ruit
357 1568 396 1626 ad
410 1587 518 1639 muros,
533 1569 584 1626 ubi
599 1568 724 1643 plurima
737 1569 802 1626 fuso

139 1667 280 1742 sanguine
293 1676 370 1723 terra
382 1665 484 1723 madet
497 1665 681 1742 striduntque
697 1666 847 1726 hastilibus
859 1685 957 1739 aurae,

139 1764 340 1839 significatque
355 1783 443 1820 manu
458 1774 488 1820 et
502 1782 611 1839 magno
625 1765 712 1822 simul
725 1765 828 1840 incipit
840 1784 911 1823 ore:

140 1864 271 1919 ‘Parcite
286 1862 353 1932 iam,
369 1862 479 1933 Rutuli,
494 1872 524 1919 et
537 1881 590 1919 vos
604 1863 663 1920 tela
677 1862 819 1934 inhibete,
834 1865 948 1936 Iatini;

139 1977 343 2034 quaecumque
358 1969 402 2016 est
418 1960 554 2030 Fortuna,
570 1979 639 2018 mea
652 1972 715 2018 est:
737 1979 786 2019 me
800 1962 895 2019 verius
908 1980 1002 2019 unum

113 2091 118 2098 ·
139 2076 192 2132 pro
205 2057 289 2115 vobis
303 2056 407 2115 foedus
421 2058 500 2114 luere
515 2067 545 2115 et
559 2057 721 2116 decernere
736 2059 830 2117 serro’

140 2156 308 2213 Discessere
323 2173 427 2213 omnes
441 2154 532 2213 medii
546 2157 731 2232 spatiumque
747 2157 868 2215 dedere.

178 2255 218 2310 At
231 2263 314 2328 pater
327 2255 442 2310 Aeneas
457 2251 558 2310 audito
572 2255 694 2312 nomine
709 2256 801 2312 Turni

138 2331 245 2410 desciit
260 2361 289 2410 et
304 2370 402 2409 muros
417 2363 447 2408 et
460 2371 589 2409 summas
604 2350 712 2410 deserit
728 2372 810 2411 arces
913 2409 917 2414 .

137 2451 367 2526 praecipitatque
381 2469 478 2507 moras
492 2451 597 2522 omnis,
613 2469 705 2525 opera
719 2453 821 2508 omnia
832 2453 950 2527 rumpit,

136 2548 245 2605 laetitia
258 2548 413 2620 exsultans,
430 2546 667 2624 horrendumque
684 2549 798 2607 intonat
811 2549 918 2623 armis;

137 2657 262 2721 quantus
276 2645 369 2704 Athos
385 2656 434 2704 aut
447 2655 573 2721 quantus
589 2646 668 2721 Eryx
683 2657 734 2704 aut
748 2647 811 2722 ipse
824 2648 955 2705 comscis

138 2764 205 2801 cum
220 2745 315 2802 fremit
329 2744 441 2801 ilicibus
456 2754 582 2818 quantus
597 2743 767 2820 gaudetque
780 2746 867 2803 nivali

136 2843 244 2900 vertice
259 2861 290 2899 se
305 2841 439 2899 attollens
452 2852 536 2917 pater
551 2843 745 2917 Appenninus
762 2843 801 2900 ad
814 2861 908 2901 auras.

137 2942 202 2998 lam
217 2959 285 2997 vero
300 2949 330 2996 et
345 2939 445 2996 Rutuli
459 2940 592 2996 certatim
606 2949 638 2997 et
651 2942 744 2998 Troes
757 2950 788 2998 et
801 2959 906 2999 omnes

137 3047 308 3095 convertere
323 3037 424 3094 oculos
440 3038 514 3108 Itali,
530 3038 638 3112 quique
653 3039 711 3096 alta
723 3026 865 3097 tenebant

137 3136 253 3192 moenia
267 3135 376 3210 quique
388 3135 462 3192 imos
478 3136 634 3210 pulsabant
648 3137 737 3194 ariete
750 3156 858 3208 muros,

136 3251 274 3308 armaque
289 3232 452 3308 deposuere
470 3235 587 3292 umeris.
631 3235 735 3310 Stupet
748 3237 811 3311 ipse
825 3235 945 3294 latinus

135 3332 269 3408 ingentia,
278 3331 398 3408 'genitos
413 3331 532 3390 diversis
548 3332 677 3407 partibus
692 3333 781 3405 orbis,

136 3430 210 3488 inter
225 3449 257 3488 se
272 3430 376 3488 coiisse
390 3430 467 3487 viros
482 3440 511 3487 et
525 3448 645 3488 cernere
659 3431 744 3489 ferro.

136 3532 232 3604 Atque
247 3528 295 3599 illi,
310 3537 341 3586 ut
356 3546 450 3586 vacuo
465 3537 621 3603 patuerunt
635 3546 765 3604 aequore
780 3529 886 3603 campi,

136 3645 276 3701 procursu
290 3625 403 3701 rapide,
420 3625 561 3683 coniectis
575 3627 689 3683 eminus
704 3626 801 3698 hastis,

137 3722 278 3780 invadunt
293 3723 420 3780 Martem
435 3722 536 3796 clipeis
551 3731 638 3796 atque
653 3741 721 3780 aere
735 3741 852 3781 sonoro.

139 3821 197 3877 Dat
211 3821 352 3894 gemitum
368 3819 450 3876 tellus
463 3840 470 3890 ;
493 3829 554 3876 tum
568 3819 686 3877 crebros
701 3821 820 3878 ensibus
834 3821 909 3878 ictus

1076 313 1198 376 [nunu
