2742 4284
199 341 237 406 52
504 323 617 408 Cybele
637 323 780 408 Appeals
802 335 834 387 to
845 324 939 404 Jove.

200 509 307 590 [Pinea
320 509 390 568 silva
405 510 484 583 mihi,
499 511 604 570 multos
619 510 727 569 dilecta
740 529 793 587 per
806 510 915 591 annos]

195 611 276 668 lucus
291 609 320 667 in
334 625 401 666 arce
417 608 470 666 suit
485 626 607 680 summa,
624 627 683 683 quo
698 626 781 666 sacra
794 609 935 681 ferebant,

195 707 318 784 nigranti
332 706 418 782 picea
433 705 622 780 trabibusque
638 707 778 764 obscurus
792 707 924 766 acernis:

195 807 246 865 has
261 823 317 882 ego
333 802 483 863 Dardanio
498 803 604 873 iuveni,
621 821 689 861 cum
704 804 803 862 elassis
817 816 925 881 egeret,

194 907 269 963 laeta
282 903 372 976 dedi;
393 920 473 960 nunc
489 901 642 959 sollicitam
658 902 745 959 timor
760 902 862 960 anxius
876 904 964 978 angit.

194 1004 277 1062 Solve
293 1013 388 1060 metus
402 1011 489 1077 atque
505 1000 561 1057 hoe
578 999 714 1074 precibus
730 1001 791 1057 sine
806 1017 894 1075 posse
907 1011 1077 1076 parentem:

193 1119 230 1159 ne
246 1119 331 1160 cursu
345 1110 496 1178 quassatae
512 1101 570 1158 ullo
584 1117 643 1158 neu
660 1098 775 1156 turbine
791 1098 868 1156 venti

193 1199 352 1273 vincantur,
367 1201 459 1275 prosit
472 1200 576 1258 nostris
593 1197 624 1257 in
640 1198 789 1256 montibus
805 1200 901 1255 ortas!

194 1298 281 1356 Filius
297 1299 364 1356 huic
379 1308 489 1371 contra,
505 1308 620 1374 torquet
635 1298 685 1373 qui
701 1296 797 1355 sidera
810 1296 931 1354 mnndi:

193 1395 239 1455 ‘O
253 1397 392 1471 genetrix,
408 1415 467 1472 quo
482 1397 540 1455 iata
554 1416 652 1469 vocas,
671 1407 721 1454 aut
735 1396 807 1473 quid
820 1396 896 1472 petis
910 1395 993 1455 istis?

193 1495 347 1553 Mortaline
362 1514 450 1554 manu
465 1495 559 1554 factae
575 1495 739 1553 immortale
756 1494 869 1552 carinae

191 1593 232 1650 sas
248 1592 373 1651 habeant
389 1603 543 1668 certusque
559 1595 670 1652 incerta
685 1593 817 1666 pericula
830 1593 930 1650 lustret

191 1693 326 1748 Aeneas?
368 1691 423 1750 Cui
437 1700 517 1748 tanta
532 1689 590 1748 deo
605 1691 747 1766 permissa
762 1691 911 1765 potestas?

193 1789 289 1845 Immo
303 1789 352 1846 ubi
367 1788 522 1847 deiunctae
539 1789 628 1846 finem
644 1797 804 1863 portusque
819 1787 961 1845 tenebunt

190 1886 336 1943 Ausonios
352 1885 430 1956 olim,
446 1904 650 1962 quaecumque
666 1887 788 1945 evaserit
803 1885 888 1944 undis

192 1981 430 2057 Dardaniumque
446 1982 554 2042 ducem
574 1985 731 2042 Laurentia
745 1985 855 2042 vexerit
868 2003 944 2056 arva,

190 2081 340 2138 mortalem
357 2081 476 2155 eripiam
492 2082 615 2140 sormam
633 2083 789 2158 magnique
805 2082 912 2141 iubebo

190 2179 323 2254 aequoris
338 2197 401 2236 esse
417 2178 495 2250 deas,
513 2180 603 2254 qualis
620 2181 727 2238 Nereia
743 2182 823 2240 Doto

190 2285 219 2334 et
234 2276 357 2335 Galatea
370 2287 470 2334 secant
487 2288 672 2352 spumantem
688 2289 808 2353 pectore
823 2289 957 2354 pontum.

191 2373 310 2434 Dixerat
324 2373 413 2450 idque
428 2385 520 2433 ratum
537 2377 626 2452 Stygii
641 2395 694 2452 per
708 2377 829 2435 flumina
842 2377 943 2449 fratris,

189 2491 242 2548 per
254 2472 320 2548 pice
336 2473 468 2531 torrentis
484 2482 602 2549 atraque
621 2476 758 2550 voragine
773 2476 849 2551 ripas

189 2569 291 2630 adnuit
305 2581 334 2628 et
348 2581 441 2629 totum
456 2581 528 2631 nutu
544 2572 706 2630 tremefecit
721 2573 890 2649 Olympum.

230 2669 308 2744 Ergo
323 2668 422 2727 aderat
437 2670 578 2744 promissa
592 2669 655 2728 dies
670 2681 700 2728 et
714 2679 849 2747 tempora
860 2672 967 2730 Parcae

189 2766 287 2826 debita
302 2767 490 2842 complerant,
508 2787 576 2825 cum
591 2770 683 2826 Turni
699 2769 802 2826 iniuria
816 2771 943 2828 Matrem

188 2864 341 2923 admonuit
355 2866 462 2923 ratibus
477 2867 564 2924 sacris
580 2866 730 2942 depellere
744 2867 855 2926 taedas.

190 2964 249 3021 Hic
263 2963 390 3038 primum
404 2981 480 3020 nova
494 2964 543 3020 lux
560 2965 651 3022 oculis
668 2966 774 3024 offulsit
788 2976 818 3024 et
833 2967 934 3041 ingens

187 3061 264 3118 visus
278 3061 316 3119 ab
330 3063 441 3119 Aurora
455 3061 569 3118 caelum
585 3071 778 3121 transcurrere
793 3063 908 3121 nimbus

189 3157 331 3233 Idaeique
347 3158 427 3216 chori
439 3181 446 3230 3
468 3170 529 3219 tum
545 3182 602 3220 vox
616 3161 763 3220 horrenda
776 3180 829 3237 per
843 3180 926 3218 auras

188 3255 297 3313 excidit
311 3266 340 3313 et
353 3257 463 3315 Troum
480 3261 713 3336 Rutulorumque
729 3261 846 3338 agmina
860 3259 1007 3334 complet:

189 3354 256 3412 ‘Ne
270 3354 412 3430 trepidate
428 3377 517 3431 meas,
534 3359 650 3430 Teucri,
666 3358 826 3416 defendere
841 3357 921 3415 navis

187 3471 261 3511 neve
275 3464 384 3512 armate
400 3476 520 3515 manus:
545 3457 633 3514 maria
648 3467 715 3514 ante
731 3473 850 3514 exurere
864 3455 964 3513 Turno

187 3571 276 3628 quam
290 3572 385 3612 sacras
402 3554 517 3613 dabitur
531 3555 625 3630 pinus.
667 3555 730 3612 Vos
745 3555 783 3612 ite
799 3554 919 3623 solutae,

187 3653 225 3710 ite
239 3651 313 3711 deae
329 3654 425 3730 pelagi
439 3675 443 3710 :
467 3652 599 3728 genetrix
612 3652 713 3712 iubet)
757 3654 796 3710 Et
810 3669 864 3709 sua
876 3667 1011 3724 quaeque

187 3754 327 3812 continuo
344 3769 458 3828 puppes
472 3752 645 3825 abrumpunt
659 3750 776 3808 vincula
789 3749 857 3825 ripis

187 3850 416 3926 delphinumque
432 3848 523 3906 modo
539 3847 677 3904 demersis
693 3864 820 3922 aequora
833 3845 931 3903 rostris
