2742 4284
176 300 220 362 60
394 298 479 380 They
501 319 558 360 are
581 297 782 361 Discovered
801 298 840 378 by
874 298 1010 363 Volcens.
1108 311 1228 374 [AEuaro.

178 483 318 558 Euryalus
333 483 467 558 phaleras
483 483 655 542 Rhamnetis
670 494 700 542 et
713 502 802 542 aurea
816 485 900 543 bullis

177 581 301 657 cingula,
316 581 428 639 Tiburti
443 581 569 640 Remulo
584 580 743 640 ditissimus
757 582 827 640 olim
1188 585 1231 642 3⁶0

177 696 252 754 quae
267 679 353 737 mittit
367 677 447 736 dona
461 678 587 754 hospitio
603 697 671 736 cunr
688 679 821 756 iungeret
835 682 941 740 absens

178 776 334 847 Caedicus,
349 776 395 833 ille
410 795 465 834 suo
479 777 606 834 moriens
622 777 672 834 dat
688 777 794 835 babere
808 780 919 855 nepoti,

181 873 263 952 [post
278 885 401 932 mortem
416 874 495 932 bello
510 874 610 933 Rutuli
625 894 783 950 pugnaque
797 876 899 956 potiti]

178 974 251 1031 haec
266 973 341 1048 rapit
355 982 443 1048 atque
458 973 564 1030 umeris
579 973 758 1048 nequiquam
773 975 894 1033 sortibus
908 985 996 1050 aptat.

176 1073 253 1129 Turn
267 1072 380 1147 galeam
396 1071 525 1145 Messapi
542 1071 668 1128 habilem
683 1073 835 1147 cristisque
849 1073 989 1132 decoram

177 1169 280 1228 induit.
324 1168 483 1228 Excedunt
498 1170 597 1228 castris
613 1179 642 1227 et
657 1180 720 1227 tuta
734 1181 899 1245 capessunt.

218 1270 334 1326 Interea
348 1268 497 1343 praemissi
512 1268 625 1342 equites
641 1286 678 1324 ex
692 1268 763 1326 urbe
779 1269 891 1340 Latina,

177 1375 274 1423 cetera
288 1364 360 1423 dum
376 1366 450 1440 legio
466 1365 578 1440 campis
593 1366 734 1423 instructa
748 1376 884 1438 moratur,

178 1463 259 1521 ibant
273 1473 302 1520 et
315 1465 416 1520 Turno
430 1464 491 1538 regi
506 1481 647 1538 responsa
662 1463 802 1536 serebant,

177 1570 349 1634 tercentum,
365 1562 469 1619 scutati
484 1579 596 1632 omnes,
611 1562 755 1620 Volcente
772 1564 917 1639 magistro.

179 1662 301 1734 Iamque
316 1660 553 1735 propinquabant
567 1661 667 1718 castris
682 1679 839 1735 murosque
854 1662 999 1734 subibant,

178 1776 246 1815 curn
260 1758 362 1833 procul
376 1757 430 1816 hos
444 1758 528 1815 laevo
542 1758 687 1815 flectentis
702 1759 792 1816 limite
808 1770 930 1816 cernunt

179 1865 208 1914 et
221 1855 304 1930 galea
319 1856 475 1931 Euryalum
490 1856 625 1914 sublustri
639 1857 734 1914 noctis
749 1855 779 1914 in
794 1858 897 1916 umbra

178 1953 307 2029 prodidit
322 1954 524 2012 immemorem
538 1954 684 2030 radiisque
700 1955 822 2013 adversa
835 1956 954 2014 refulsit.

180 2050 273 2109 Haud
289 2061 399 2109 temere
414 2061 458 2110 est
471 2053 573 2110 visum.
617 2053 791 2111 Conclamat
806 2055 843 2112 ab
857 2055 972 2130 agmine
986 2056 1132 2129 Volcens:

180 2155 187 2179 ‘
200 2151 288 2220 State,
303 2149 363 2207 viri.
409 2150 493 2224 Quae
508 2168 596 2208 causa
610 2151 695 2208 viae?
736 2151 831 2226 Quive
846 2152 914 2209 estis
929 2153 958 2208 in
973 2153 1080 2209 armis?

180 2249 284 2321 Quove
299 2247 403 2304 tenetis
419 2247 493 2308 iter?
506 2249 512 2274 ²
556 2248 635 2306 Nihil
649 2249 689 2305 illi
703 2249 826 2307 tendere
841 2259 951 2320 contra,

180 2344 233 2402 sed
248 2345 373 2403 celerare
389 2345 486 2420 fugam
502 2345 531 2401 in
546 2345 629 2402 silvas
645 2356 674 2403 et
688 2345 780 2403 fidere
795 2347 884 2405 nocti.

180 2443 320 2503 Obiciunt
335 2443 448 2517 equites
463 2461 526 2500 sese
542 2441 579 2500 ad
595 2442 719 2501 divortia
733 2453 804 2501 nota

179 2543 248 2599 hinc
263 2551 350 2615 atque
366 2540 434 2597 hinc
450 2559 628 2616 omnemque
643 2541 755 2599 abitum
771 2542 894 2599 custode
909 2552 1060 2601 coronant.

179 2639 254 2698 Silva
268 2639 321 2697 suit
334 2638 391 2696 late
407 2637 503 2694 dumis
518 2649 605 2712 atque
621 2639 686 2695 ilice
702 2639 784 2714 nigra
810 2650 812 2653 ’

179 2737 303 2808 horrida,
320 2721 409 2811 quarn
424 2735 508 2794 densi
522 2737 706 2810 complerant
719 2735 849 2811 undique
865 2748 981 2809 sentes3

179 2853 243 2892 rara
256 2851 309 2910 per
323 2833 454 2892 occultos
469 2834 585 2891 lucebat
599 2834 704 2891 semita
718 2833 814 2891 calles.

181 2933 338 3008 Euryalum
352 2932 491 2990 tenebrae
505 2949 652 2989 ramorum
667 2949 850 3006 onerosaque
865 2932 976 3008 praeda

181 3030 345 3106 impediunt
360 3029 487 3105 fallitque
502 3029 589 3087 timor
603 3029 723 3105 regione
737 3030 867 3102 viarum;

181 3130 270 3188 Nisus
285 3130 353 3199 abit,
369 3129 485 3202 iamque
500 3127 672 3202 imprudens
688 3138 818 3185 evaserat
834 3128 924 3186 hostis

180 3237 267 3301 atque
281 3226 372 3297 locos,
388 3225 438 3300 qui
452 3234 520 3301 post
534 3225 624 3283 Albae
641 3223 679 3282 de
695 3225 815 3282 nomine
830 3225 901 3283 dicti

180 3325 294 3396 Albani,
309 3334 371 3381 tum
386 3342 436 3381 rex
450 3323 562 3380 stabula
576 3322 633 3380 alta
649 3323 768 3381 Latinus
784 3324 919 3394 babebat,

181 3432 212 3480 ut
226 3421 304 3479 stetit
318 3431 348 3478 et
361 3422 463 3478 frustra
477 3420 629 3478 absentem
644 3421 771 3496 respexit
786 3421 922 3478 amicum.

181 3524 188 3550 ‘
202 3520 325 3596 Euryale
340 3519 446 3589 infelix,
461 3536 520 3592 qua
533 3527 562 3575 te
576 3519 696 3593 regione
710 3519 834 3594 reliqui?

181 3620 284 3692 Quave
299 3636 411 3691 sequar,
426 3635 521 3674 rursus
536 3617 709 3692 perplexum
723 3617 776 3674 iter
790 3634 877 3674 omne
891 3618 1042 3676 revolvens

180 3715 287 3773 fallacis
302 3715 388 3772 silvae
397 3714 425 3770 ?’
470 3713 560 3772 Simul
574 3723 603 3770 et
616 3713 737 3788 vestigia
750 3724 826 3771 retro

236 3844 270 3876 eet
286 3845 449 3900 nequidquam.
470 3844 502 3888 H.
638 3841 670 3874 ⁸⁷⁰
693 3841 813 3888 Votrcente.
834 3843 867 3889 H.
1004 3843 1039 3877 ³⁸⁷
1054 3844 1126 3892 lacus.
1141 3846 1175 3895 H.
