2742 4284
139 297 272 364 1x.221.]
360 287 466 353 Nisus
491 287 649 373 Proposes
672 299 703 353 to
721 312 766 373 go
789 301 821 354 to
844 288 983 356 AEneas.

139 495 223 534 mens
238 476 328 552 agitat
342 476 413 534 mihi
428 493 483 534 nec
498 475 615 552 placida
630 485 771 535 contenta
785 477 918 552 quietest.

139 576 254 646 Cernis,
270 591 345 649 quae
362 574 487 632 Rutulos
503 573 608 632 habeat
621 573 733 632 fiducia
745 593 851 633 rerum.

140 673 268 733 Lumina
281 690 345 730 rara
359 672 488 742 micant;
511 689 616 729 somno
633 672 760 747 vinoque
775 673 860 731 soluti

138 774 324 850 procubuere
336 793 343 842 ;
365 771 451 829 silent
465 769 522 828 late
537 770 619 828 loca:
644 771 764 846 percipe
779 790 875 847 porro,

139 872 212 948 quid
227 871 360 930 dubitem
375 881 404 928 et
418 887 494 945 quae
510 887 590 926 nunc
605 869 704 926 animo
720 871 865 927 sententia
877 879 986 945 surgat.

140 973 262 1028 Aenean
277 970 364 1028 acciri
378 987 491 1039 omnes,
507 969 694 1044 populusque
708 977 872 1043 patresque,

139 1078 307 1143 exposcunt
322 1067 454 1142 mittique
469 1067 554 1136 viros,
571 1066 620 1141 qui
638 1075 719 1122 certa
732 1075 889 1140 reportent.

140 1167 169 1225 Si
184 1166 237 1225 tibi
252 1183 328 1240 quae
343 1183 437 1241 posco
454 1165 626 1240 promittunt
647 1165 732 1240 (nam
747 1163 817 1220 mihi
831 1164 900 1220 facti

139 1267 218 1322 sarna
232 1273 276 1322 sat
291 1263 363 1339 est),
380 1263 492 1321 tumulo
508 1262 612 1320 videor
627 1261 755 1336 reperire
770 1261 824 1319 sub
838 1261 886 1318 illo

140 1381 229 1438 posse
244 1363 320 1420 viam
335 1361 373 1419 ad
389 1381 487 1420 muros
503 1371 532 1418 et
548 1359 666 1418 moenia
682 1359 847 1417 Pallantea!

141 1461 292 1534 Obstipuit
307 1478 414 1534 magno
429 1458 549 1516 laudum
565 1475 721 1533 percussus
735 1475 835 1514 amore

142 1557 303 1632 Euryalus;
325 1558 411 1615 simul
426 1557 470 1615 his
485 1556 637 1614 ardentem
655 1554 770 1613 adfatur
783 1557 929 1615 amicum:

142 1657 252 1713 ‘Mene
267 1656 352 1730 igitur
367 1657 480 1714 socium
497 1655 618 1713 summis
634 1654 794 1729 adiungere
808 1655 904 1725 rebus,

142 1754 224 1824 Nise,
240 1753 335 1828 fugis?
376 1754 476 1812 Solum
491 1765 519 1811 te
535 1754 566 1810 in
582 1762 662 1810 tanta
678 1753 807 1828 pericula
821 1746 955 1811 mittam?

142 1852 213 1908 Non
228 1851 269 1908 ita
283 1870 330 1908 me
345 1853 468 1927 genitor,
484 1851 566 1909 bellis
583 1850 723 1908 adsuetus
737 1850 889 1926 Opheltes,

142 1948 310 2024 Argolicum
325 1960 465 2008 terrorem
481 1951 555 2007 inter
568 1950 735 2024 Troiaeque
749 1949 863 2007 iabores

140 2046 288 2105 sublatum
304 2047 417 2118 erudiit,
434 2065 490 2105 nec
505 2058 604 2105 tecum
620 2048 688 2104 talia
701 2047 786 2122 gessi,

140 2145 362 2219 magnanimum
378 2148 499 2204 Aenean
515 2156 544 2204 et
559 2147 617 2204 sata
632 2155 762 2204 extrema
775 2155 910 2204 secutus:

141 2251 187 2300 est
201 2241 259 2314 hic,
276 2253 319 2300 est
334 2243 448 2301 animus
463 2244 535 2302 lucis
552 2253 740 2318 contemptor
754 2254 784 2300 et
798 2243 883 2300 istum

142 2341 192 2416 qui
207 2341 266 2398 vita
279 2342 357 2400 bene
373 2341 474 2400 credat
489 2343 556 2413 emi,
573 2361 633 2417 quo
649 2341 755 2411 tendis,
770 2341 932 2400 honorem!

143 2439 233 2496 Nisus
248 2431 394 2498 ad'haec:
419 2439 587 2514 ‘Equidem
603 2439 641 2500 de
657 2449 685 2497 te
701 2440 741 2497 nil
755 2439 811 2496 tale
825 2440 945 2497 verebar

143 2555 201 2595 nec
214 2537 267 2609 fas,
283 2556 352 2609 non,
368 2537 408 2595 ita
422 2554 470 2595 me
484 2537 588 2596 referat
603 2537 655 2596 tibi
673 2556 795 2612 magnus
810 2546 946 2593 ovantem

144 2635 277 2710 Iuppiter
291 2645 341 2693 aut
355 2634 535 2710 quicumque
551 2635 645 2693 oculis
661 2635 735 2692 haec
751 2633 855 2708 aspicit
868 2632 979 2708 aequis.

144 2731 203 2791 Sed
219 2733 318 2808 siquis,
333 2750 410 2808 quae
425 2733 518 2791 multa
531 2731 613 2790 vides
630 2731 797 2790 discrimine
813 2731 869 2801 tali,

144 2832 234 2906 siquis
250 2831 279 2888 in
294 2829 448 2888 adversum
463 2830 556 2906 rapiat
570 2848 692 2889 casusve
707 2828 826 2899 deusve,

144 2939 172 2986 te
188 2947 342 3004 superesse
357 2928 444 2986 velim
456 2949 463 3000 3
486 2937 537 2985 tua
550 2928 608 2986 vita
622 2927 739 3002 dignior
752 2938 841 2985 aetas.

145 3027 185 3084 Sit
201 3025 252 3102 qui
266 3043 315 3083 me
329 3036 444 3100 raptum
458 3045 558 3102 pugna
572 3025 703 3100 pretiove
719 3025 906 3098 redemptum

147 3121 270 3182 mandet
284 3122 374 3181 humo
389 3123 474 3180 solita
488 3132 537 3180 aut
552 3122 635 3197 siqua
650 3122 681 3180 id
698 3125 826 3181 Fortuna
840 3122 958 3192 vetabit,

145 3221 260 3280 absenti
275 3222 347 3279 ferat
361 3221 476 3279 inferias
492 3219 672 3296 decoretque
687 3221 852 3296 sepulchro.

145 3321 214 3378 Neu
232 3318 315 3376 matri
330 3319 451 3376 miserae
466 3319 538 3376 tanti
554 3319 611 3376 sim'
623 3337 713 3376 causa
724 3318 842 3388 doloris

145 3436 222 3493 quae
237 3425 267 3474 te
281 3416 352 3487 sola,
369 3435 451 3491 puer,
466 3416 563 3473 multis
579 3435 594 3473 e
610 3417 750 3474 matribus
765 3435 836 3474 ausa

145 3516 330 3593 persequitur
343 3516 442 3592 magni
455 3534 513 3574 nec
528 3518 646 3574 moenia
660 3526 742 3575 curat
756 3519 901 3575 Acestae!

146 3617 200 3674 Ille
215 3624 329 3673 autem:
353 3615 483 3674 ‘Causas
497 3614 676 3689 nequiquam
690 3614 784 3673 nectis
799 3614 901 3685 inanis,

145 3731 205 3772 nec
219 3731 286 3772 mea
300 3712 359 3770 iam
373 3721 484 3770 mutata
497 3711 565 3769 loco
580 3713 726 3770 sententia
740 3712 838 3770 cedit:

148 3809 369 3880 adceleremuS,’
383 3810 431 3868 ait.
473 3809 581 3884 Vigiles
596 3808 681 3866 simul
697 3810 812 3878 excitat,
828 3810 867 3868 iili
