2742 4284
183 327 204 384 4
333 308 398 370 Τίτε
416 308 536 372 Omens
552 309 675 370 Forbid
686 332 707 370 a
723 309 848 372 Nativa
862 309 1034 374 Husband.

183 496 343 569 regalisque
359 515 485 553 accensa
500 515 609 567 comas,
624 514 749 552 accensa
764 513 904 553 coronam

183 593 326 668 insignem
341 593 472 667 gemmis,
488 603 550 651 tum
565 593 675 650 fumida
690 593 798 650 lumine
813 593 890 651 fulvo

182 690 288 748 involvi
302 709 338 747 ac
353 692 420 748 totis
433 691 598 748 Volcanum
614 709 748 766 spargere
763 692 855 748 tectis.

183 786 220 844 Id
234 803 303 846 vero
318 788 495 846 horrendum
512 808 546 845 ac
561 790 623 846 visu
637 787 767 846 mirabile
782 790 865 846 ferri:

183 904 309 960 namque
324 885 385 943 fore
400 886 549 944 inlustrem
564 886 640 944 fama
656 886 779 960 fatisque
794 886 939 943 canebant

183 984 284 1059 ipsam,
300 983 353 1041 sed
367 985 477 1059 populo
492 1003 630 1059 magnum
644 983 818 1059 portendere
833 984 950 1042 bellum.

183 1083 220 1139 At
234 1100 283 1138 rex
298 1081 436 1138 sollicitus
451 1082 585 1139 monstris
600 1082 718 1139 oracula
732 1082 834 1152 Fauni,

182 1179 293 1236 fatidici
307 1179 453 1254 genitoris,
469 1179 529 1236 adit
544 1180 683 1254 lucosque
699 1181 754 1238 sub
769 1180 827 1236 alta

145 1329 150 1341 .
182 1277 306 1335 consulit
321 1277 462 1347 Albunea,
478 1295 633 1334 nemorum
648 1296 723 1351 quae
738 1279 865 1334 maxima
879 1295 962 1335 sacro

182 1375 262 1432 fonte
277 1385 361 1432 sonat
376 1392 550 1449 saevamque
566 1374 682 1432 exhalat
697 1393 792 1450 opaca
807 1375 967 1450 mephitim.

183 1473 263 1530 Hinc
280 1474 369 1530 Italae
384 1483 486 1548 gentes
501 1473 655 1547 omnisque
671 1473 813 1531 Oenotria
826 1474 909 1531 tellus

181 1572 211 1628 in
226 1570 321 1629 dubiis
337 1589 478 1645 responsa
491 1580 615 1646 petunt;
637 1571 695 1628 huc
712 1570 791 1628 dona
804 1571 942 1629 sacerdos

182 1688 250 1726 cum
265 1669 327 1726 tulit
342 1679 371 1726 et
386 1688 536 1727 caesarum
552 1670 649 1727 ovium
664 1670 719 1727 sub
733 1678 820 1727 nocte
834 1668 929 1726 silenti

110 1756 112 1760 Α
181 1767 304 1842 pellibus
319 1767 450 1824 incubuit
466 1768 558 1824 stratis
574 1785 752 1842 somnosque
767 1768 876 1842 petivit,

181 1865 271 1922 multa
285 1864 380 1923 modis
395 1865 547 1922 simulacra
558 1864 637 1922 videt
651 1865 799 1923 volitantia
813 1866 891 1922 miris

181 1972 210 2020 et
225 1963 315 2020 varias
329 1961 410 2020 audit
423 1981 512 2020 voces
526 1963 684 2037 fruiturque
700 1962 822 2022 deorum

180 2060 338 2135 conloquio
352 2070 439 2135 atque
454 2061 519 2118 imis
534 2059 701 2118 Acheronta
715 2060 829 2118 adfatur
842 2060 970 2118 Avernis.

163 2158 241 2215 ‘Hic
256 2167 285 2215 et
299 2168 361 2215 tum
376 2168 459 2233 pater
473 2159 535 2233 ipse
550 2168 653 2232 petens
667 2175 808 2233 responsa
822 2158 941 2215 Latinus

179 2266 298 2313 eentum
313 2256 453 2330 lanigeras
469 2255 616 2313 mactabat
631 2256 682 2313 rite
693 2254 824 2313 'bidentis

179 2363 265 2428 atque
281 2354 382 2411 harum
399 2353 511 2412 effultus
527 2363 609 2428 tergo
625 2353 777 2428 stratisque
792 2354 904 2411 iacebat

178 2451 347 2510 velleribus:
370 2451 463 2509 subita
478 2470 515 2509 ex
530 2452 589 2509 alto
601 2470 658 2508 vox
673 2450 788 2508 reddita
802 2452 868 2508 luco
884 2460 945 2509 est:

178 2551 243 2606 ‘Ne
258 2560 325 2624 pete
341 2550 474 2607 conubiis
490 2559 588 2607 natam
603 2549 715 2607 sociare
731 2549 848 2619 Latinis,
863 2613 867 2624 Ι

177 2647 463 2723 Omeaprogenies‚
479 2647 610 2706 thalamis
627 2665 683 2706 neu
699 2647 787 2704 crede
802 2636 925 2722 paratis:

178 2745 288 2802 externi
303 2745 420 2802 venient
436 2746 545 2820 generi,
562 2745 612 2820 qui
628 2746 767 2818 sanguine
783 2755 912 2802 nostrum

175 2860 284 2900 nomen
299 2844 329 2900 in
344 2853 419 2900 astra
433 2843 525 2900 serant
543 2861 726 2917 quorumque
743 2861 759 2898 a
773 2844 861 2916 stirpe
877 2853 1001 2916 nepotes

176 2941 275 2998 omnia
289 2940 343 2998 sub
357 2940 489 3014 pedibus,
501 2958 558 3014 qua
574 2941 622 2998 Sol
638 2951 791 3015 utrumque
805 2958 956 2998 recurrens

175 3038 277 3112 aspicit
293 3038 456 3108 Oceanum,
471 3039 599 3112 vertique
617 3039 735 3113 regique
750 3037 908 3096 videbunt’

176 3137 262 3193 Haec
277 3154 416 3210 responsa
430 3137 517 3211 patris
536 3140 627 3198 Fanni
643 3140 829 3214 monitusque
843 3139 937 3197 silenti

173 3243 261 3292 nocte
277 3233 361 3291 datos
376 3252 436 3291 non
451 3235 513 3310 ipse
530 3258 583 3298 suo
598 3239 703 3314 premit
719 3256 768 3296 ore
784 3239 912 3307 LatinuS,

174 3331 226 3389 sed
241 3332 351 3389 circum
365 3332 421 3388 late
438 3335 559 3394 volitans
577 3338 633 3394 iam
649 3339 741 3395 Fama
754 3356 806 3413 per
819 3338 906 3396 urbes

173 3430 317 3487 Ausonias
331 3431 441 3501 tulerat,
459 3452 527 3491 cum
545 3434 760 3492 Laomedontia
773 3437 867 3510 pubes

173 3528 323 3601 gramineo
338 3530 417 3604 ripae
433 3530 561 3605 religavit
576 3532 614 3589 ab
628 3551 733 3607 aggere
749 3533 879 3590 classem.

214 3627 327 3683 Aeneas
344 3626 487 3701 primique
503 3627 593 3686 duces
608 3638 636 3686 et
651 3629 773 3704 pulcher
788 3631 867 3689 Iulus

174 3741 297 3798 corpora
312 3723 366 3781 sub
380 3724 467 3782 ramis
482 3724 636 3800 deponunt
651 3728 759 3786 arboris
773 3728 847 3786 altae

596 3855 618 3888 ⁸⁸
629 3871 748 3902 maxuma.
767 3859 799 3902 H.

1111 321 1233 384 [AEuarn.

1204 509 1234 552 75
