2742 4284
167 273 296 336 1V.330.]
365 263 484 326 Source
506 263 547 346 of
562 262 647 324 New
672 262 829 336 Savarm,·
853 263 1024 327 Aristaeus.
1158 281 1216 327 221

166 449 280 523 eligitur
293 449 394 522 locus,
418 447 496 505 hunc
511 447 684 523 angustique
700 447 819 516 imbrice
834 450 905 507 tecti

165 546 380 621 parietibusque
395 556 533 620 premunt
548 545 624 617 artis,
640 555 670 602 et
684 545 957 620 quattuoraddunt,

57 637 59 641 ’
164 653 302 720 quattuor
316 663 333 702 a
347 645 440 702 ventis
455 645 574 718 obliqua
587 644 652 701 luce
667 645 816 702 fenestras.

163 743 241 799 Tum
256 742 360 800 vitulus
375 743 454 800 bima
468 760 589 800 curvans
605 742 661 799 iam
678 759 788 799 cornua
802 743 896 800 fronte

164 840 329 914 quaeritur,
351 839 419 897 huic
434 840 568 914 geminae
586 858 671 897 nares
686 849 716 897 et
730 841 845 915 spiritus
860 843 916 899 oris

163 938 253 996 multa
267 938 420 995 reluctanti
435 937 601 1008 obstruitur,
618 937 769 1013 plagisque
784 950 936 1014 perempto

162 1047 248 1094 tunsa
262 1054 315 1110 per
329 1036 470 1110 integram
486 1037 635 1093 solvuntur
648 1037 759 1094 viscera
772 1037 888 1111 pellem.

162 1133 209 1190 Sic
224 1134 353 1208 positum
368 1135 398 1191 in
413 1134 512 1192 clauso
527 1135 669 1210 linquunt,
686 1145 716 1192 et
729 1153 828 1192 ramea
843 1137 930 1194 costis

161 1230 309 1288 subiciunt
323 1232 492 1307 fragmenta,
508 1231 639 1307 thymum
654 1233 805 1308 casiasque
820 1235 953 1292 recentis.

163 1330 233 1385 Hoc
248 1329 355 1405 geritur
368 1330 506 1408 Zephyris
521 1319 645 1404 primum
660 1331 877 1405 impellentibus
892 1331 994 1403 undas,

161 1436 228 1484 ante
244 1427 326 1484 novis
340 1428 462 1485 rubeant
479 1445 569 1501 quam
583 1438 664 1503 prata
682 1428 836 1500 coloribus,
851 1439 920 1486 ante
1014 1445 1019 1452 ’

160 1525 273 1600 garrula
287 1542 375 1598 quam
390 1526 475 1600 tignis
491 1525 593 1582 nidum
608 1524 769 1600 suspendat
783 1525 918 1585 hirundo.

161 1624 279 1680 Interea
293 1623 398 1680 teneris
414 1623 576 1698 tepefactus
591 1624 619 1681 in
636 1625 749 1681 ossibus
764 1644 849 1682 umor

126 1769 130 1778 .
160 1729 282 1792 aestuat,
297 1730 327 1777 et
341 1720 463 1779 visenda
476 1720 573 1778 modis
588 1722 723 1778 animalia
738 1723 824 1793 miris,

160 1827 263 1875 trunca
277 1817 387 1893 pedum
402 1819 507 1892 primu,
524 1837 593 1876 mox
607 1829 636 1876 et
651 1818 802 1877 stridentia
815 1822 929 1895 pennis,

160 1916 327 1987 miscentur,
343 1926 521 1992 tenuemque
538 1918 629 1991 magis
644 1918 736 1992 magis
751 1918 817 1975 aera
832 1930 963 1993 carpunt,

159 2013 257 2070 donec
272 2024 304 2071 ut
318 2015 436 2072 aestivis
452 2015 559 2073 effusus
574 2016 700 2073 nubibus
716 2016 808 2074 imber

159 2129 280 2187 erupere
296 2122 345 2169 aut
360 2122 391 2169 ut
406 2130 495 2170 nervo
510 2113 644 2188 pulsante
660 2114 790 2187 sagittae,

158 2209 252 2283 prima
266 2210 344 2266 leves
358 2212 460 2267 ineunt
474 2210 618 2285 siquando
633 2210 744 2285 proelia
759 2212 863 2269 Parthi.

200 2299 273 2372 Quis
289 2299 362 2358 deus
378 2301 463 2372 hanc,
480 2302 593 2372 Musae,
609 2301 674 2375 quis
690 2302 774 2360 nobis
790 2303 902 2361 extudit
918 2307 1031 2364 artem?

158 2396 247 2456 Unde
263 2399 339 2456 noval
353 2399 497 2474 ingressus
512 2399 664 2457 hominum
679 2401 858 2475 experientia
872 2405 971 2477 cepit?

158 2496 259 2552 Pastor
273 2497 419 2554 Aristaeus
434 2497 546 2572 lugiens
563 2498 671 2555 Peneia
683 2499 798 2574 Tempe

158 2594 278 2665 amissis,
295 2605 326 2652 ut
340 2595 425 2666 sama,
441 2597 544 2670 apibus
560 2597 722 2671 morboque
739 2598 875 2672 fameque

156 2691 243 2748 tristis
260 2690 298 2748 ad
310 2693 433 2750 extremi
449 2711 562 2750 sacrum
580 2704 669 2769 caput
684 2694 795 2753 adstitit
809 2698 902 2755 amnis

157 2788 248 2846 multa
262 2803 386 2863 querens
402 2801 489 2866 atque
504 2791 559 2848 hac
575 2791 689 2850 adlatus
704 2811 777 2851 voce
793 2806 962 2868 parentem:

157 2889 164 2916 ‘
178 2887 281 2956 Mater,
298 2888 412 2962 Cyrene
427 2898 528 2960 mater,
543 2907 621 2964 quae
635 2891 754 2966 gurgitis
770 2892 854 2949 huius

156 2985 214 3041 ima
228 2994 320 3056 tenes,
336 2985 408 3059 quid
422 3005 470 3043 me
485 2988 633 3061 praeclara
648 2989 735 3063 stirpe
751 2989 884 3058 deorum,

155 3081 180 3138 si
194 3081 295 3153 modo,
312 3101 400 3157 quem
416 3083 560 3157 perhibes,
576 3096 657 3158 pater
672 3095 717 3142 est
731 3087 933 3161 Thymbraeus
948 3092 1063 3164 Apollo,

155 3179 279 3236 invisum
295 3180 360 3238 satis
375 3181 522 3255 genuisti?
563 3184 621 3240 Aut
635 3201 695 3258 quo
710 3184 762 3241 tibi
777 3186 866 3243 nostri

155 3277 254 3352 pulsus
269 3278 373 3335 amor?
415 3277 495 3351 Quid
510 3297 557 3336 me
573 3281 688 3338 caelum
702 3300 819 3356 sperare
833 3284 975 3343 iubebas?

156 3375 203 3432 En
217 3375 305 3433 etiam
320 3375 399 3433 hunc
414 3375 509 3449 ipsum
524 3377 598 3434 vitae
615 3379 742 3445 mortalis
757 3380 909 3454 honorem,

154 3490 243 3547 quem
259 3471 331 3540 mihi
344 3473 392 3536 vix
406 3473 520 3548 frugum
535 3484 564 3532 et
578 3476 729 3550 pecudum
744 3478 880 3536 custodia
894 3481 993 3539 sollers

154 3570 255 3628 omnia
268 3571 422 3646 temptanti
437 3571 597 3645 extuderat,
613 3583 641 3630 te
656 3583 748 3632 matre
763 3577 905 3651 relinquo.

154 3667 233 3741 Quin
248 3685 303 3743 age
318 3676 347 3725 et
361 3668 424 3743 ipsa
438 3687 527 3727 manu
541 3671 632 3729 felicis
648 3689 717 3729 erue
732 3673 825 3745 silvas,

153 3765 196 3822 ser
210 3766 328 3824 stabulis
343 3766 493 3824 inimicum
509 3768 605 3843 ignem
621 3779 709 3845 atque
723 3770 854 3830 interfice
870 3776 979 3846 messis,
