2742 4284
177 299 221 362 40
490 281 554 346 The
583 283 612 345 Τ
601 294 705 365 yrant
728 279 920 347 Mezentius.
1111 291 1227 357 [AEuam.

179 471 207 528 in
223 489 377 528 numerum
392 483 563 546 versantque
579 471 674 528 tenaci
690 471 801 546 forcipe
816 489 949 529 massam.

221 569 306 624 Haec
321 579 403 643 pater
418 569 525 626 Aeoliis
541 581 676 643 properat
691 568 763 625 dum
782 569 921 626 Lemnius
934 569 1001 639 oris,

179 665 351 724 Euandrum
366 683 402 724 ex
417 666 516 723 humili
531 677 611 722 tecto
626 666 673 722 lux
688 667 806 724 suscitat
820 667 896 722 alma

178 775 207 824 et
222 764 354 822 matutini
368 764 517 822 voluerum
532 764 587 822 sub
602 764 729 820 culmine
744 775 854 821 cantus.

178 863 333 938 Consurgit
348 862 444 920 senior
458 862 615 936 tunicaque
633 861 779 919 inducitur
791 874 869 920 artus

178 973 207 1022 et
222 962 370 1038 'l'yrrlrena
384 959 493 1035 pedum
510 959 672 1017 circumdat
686 961 801 1018 vincula
813 961 918 1036 plautis
931 983 938 1031 ;

177 1071 239 1119 tum
255 1062 333 1118 lateri
349 1072 436 1135 atque
453 1059 559 1116 umeris
575 1059 746 1133 Tegeaeum
760 1059 884 1134 subligat
898 1076 1009 1128 ensem,

178 1157 306 1217 demissa
319 1160 356 1216 ab
371 1160 452 1216 laeva
468 1157 626 1232 pantherae
642 1167 723 1231 terga
735 1166 915 1232 retorquens

179 1258 316 1316 Necnon
333 1268 362 1314 et
376 1257 484 1331 gemini
500 1253 639 1314 custodes
655 1255 753 1312 limine
768 1255 806 1312 ab
820 1256 878 1312 alto

178 1355 358 1430 praecedunt
372 1371 562 1431 gressumque
580 1371 668 1408 canes
684 1353 860 1410 comitantur
873 1354 981 1410 erilem.

179 1454 312 1528 Hospitis
329 1456 444 1510 Aeneae
461 1452 561 1508 sedern
578 1462 607 1506 et
622 1461 735 1507 secreta
749 1451 868 1524 petebat

177 1569 344 1608 sermonum
359 1569 472 1608 memor
487 1561 514 1607 et
532 1549 664 1624 promissi
681 1551 807 1606 muneris
824 1549 917 1606 heros.

179 1651 243 1707 Nec
259 1650 352 1706 minus
370 1651 482 1706 Aeneas
498 1666 528 1706 se
546 1649 705 1704 matutinus
722 1649 835 1723 agebat.

181 1748 265 1806 Filius
280 1746 348 1804 huic
366 1747 465 1816 Palus,
481 1746 519 1803 illi
534 1765 635 1802 comes
652 1747 711 1802 ibat
726 1745 861 1802 Achates

178 1845 331 1919 Congressi
348 1845 468 1918 iungunt
485 1844 599 1901 dextras
617 1843 779 1917 mediisque
794 1843 924 1901 residunt

177 1943 297 2000 aedibus
313 1952 341 1999 et
357 1942 434 1999 licito
450 1941 568 1999 tandem
585 1960 719 1998 sermone
735 1942 873 1998 fruuntur.

178 2044 242 2099 Rex
257 2041 334 2115 prior
349 2041 440 2098 haec:

178 2141 333 2221 ‘Maxume
349 2141 527 2195 'l'eucrorunr
544 2138 657 2208 ductor,
674 2159 734 2213 quo
749 2140 857 2214 sospite
872 2158 1032 2213 numquam

176 2256 220 2295 res
236 2236 375 2311 equidem
389 2238 493 2293 Troiae
510 2238 600 2294 victas
616 2247 665 2293 aut
681 2256 770 2312 regna
784 2238 903 2306 fatebor,

176 2335 260 2394 nobis
275 2333 313 2392 ad
328 2335 393 2392 belli
409 2335 546 2391 auxilium
562 2353 616 2409 pro
630 2337 750 2392 nomine
765 2344 847 2392 tanto

176 2434 296 2509 exiguae
311 2433 403 2490 vires:
427 2433 496 2490 hinc
511 2434 610 2490 Tusco
627 2433 790 2490 claudimur
803 2435 890 2503 amni,

176 2532 245 2588 hinc
261 2531 385 2589 Rutulus
400 2532 504 2605 premit
519 2541 548 2587 et
563 2550 678 2589 murum
694 2532 889 2588 circumsonat
903 2534 997 2590 armis.

176 2628 234 2688 Sed
249 2629 300 2687 tibi
316 2647 371 2702 ego
387 2629 510 2702 ingentis
527 2630 651 2704 populos
667 2630 864 2704 opulentaque
878 2632 973 2704 regnis

176 2730 293 2804 iungere
309 2737 402 2784 castra
417 2745 496 2801 par0,
513 2748 601 2803 quam
617 2730 673 2786 sors
689 2730 809 2803 inopina
824 2728 945 2785 salutem

175 2836 319 2884 ostentat:
343 2825 406 2881 fatis
422 2825 480 2881 lure
496 2837 523 2882 te
540 2829 729 2901 poscentibus
744 2827 848 2884 adfers,

177 2922 267 2982 Haud
282 2923 383 2998 procul
399 2923 466 2980 hinc
484 2943 553 2982 saxo
570 2927 705 2983 incolitur
719 2926 839 2983 fundata
853 2936 968 2982 vetusto

175 3023 251 3080 urbis
268 3022 415 3096 Agyllinae
433 3022 527 3094 sedes,
544 3025 593 3081 ubi
611 3023 703 3098 Lydia
717 3023 866 3099 quondam

174 3139 255 3197 gens,
271 3120 347 3177 bello
363 3122 518 3195 praeclara,
537 3123 608 3198 iugis
625 3122 731 3179 insedit
747 3124 884 3180 Etruscis.

177 3221 264 3277 Hauc
280 3219 384 3276 multos
401 3221 551 3279 florentem
570 3239 661 3278 annos
676 3240 727 3278 rex
742 3220 850 3279 deinde
866 3222 991 3294 superbo

175 3318 296 3391 imperio
311 3328 340 3374 et
355 3321 445 3377 saevis
462 3322 554 3378 tenuit
570 3320 734 3378 Mezentius
749 3320 844 3378 armis,

176 3414 256 3489 Quid
270 3436 431 3475 memorem
449 3417 583 3475 infandas
599 3417 716 3487 caedes
732 3417 803 3490 qnid
818 3417 894 3473 facta
907 3417 1021 3491 tyranni

175 3514 282 3572 effera?
325 3518 363 3574 Di
379 3517 466 3592 capiti
483 3516 572 3590 ipsius
586 3515 744 3590 generique
759 3517 923 3571 reservent!

176 3619 292 3674 Mortua
308 3616 378 3689 quin
394 3615 480 3672 etiam
498 3613 634 3687 iungebat
651 3631 774 3686 corpora
788 3613 857 3668 vivis

174 3731 358 3790 componens
376 3711 568 3784 manibusque
584 3729 686 3768 manus
702 3719 789 3784 atque
804 3710 901 3766 oribus
916 3728 975 3779 ora,

583 3839 617 3872 4⁸⁰
630 3840 769 3897 panthema.
794 3840 821 3883 R.
