<?xml version="1.0" encoding="UTF-8"?>
<!DOCTYPE html PUBLIC "-//W3C//DTD XHTML 1.0 Transitional//EN"
    "http://www.w3.org/TR/xhtml1/DTD/xhtml1-transitional.dtd">
<html xmlns="http://www.w3.org/1999/xhtml" xml:lang="en" lang="en">
 <head>
  <title>
</title>
<meta http-equiv="Content-Type" content="text/html;charset=utf-8" />
  <meta name='ocr-system' content='tesseract 3.04.00' />
  <meta name='ocr-capabilities' content='ocr_page ocr_carea ocr_par ocr_line ocrx_word'/>
</head>
<body>
  <div class='ocr_page' id='page_1' title='image "./greaterpoemsvir03virggoog_0202.png"; bbox 0 0 2742 4284; ppageno 0'>
   <div class='ocr_carea' id='block_1_1' title="bbox 181 315 1229 399">
    <p class='ocr_par' dir='ltr' id='par_1_1' title="bbox 181 315 1229 399">
     <span class='ocr_line' id='line_1_1' title="bbox 181 315 1229 399; baseline -0.002 -21"><span class='ocrx_word' id='word_1_1' title='bbox 181 318 240 398; x_wconf 88' lang='lat'>196</span> <span class='ocrx_word' id='word_1_2' title='bbox 392 315 422 376; x_wconf 88' lang='lat' dir='ltr'>T</span> <span class='ocrx_word' id='word_1_3' title='bbox 417 316 456 378; x_wconf 80' lang='lat' dir='ltr'>lte</span> <span class='ocrx_word' id='word_1_4' title='bbox 478 315 589 378; x_wconf 83' lang='lat' dir='ltr'>Poet’s</span> <span class='ocrx_word' id='word_1_5' title='bbox 619 315 747 398; x_wconf 82' lang='lat' dir='ltr'><em>Temple</em></span> <span class='ocrx_word' id='word_1_6' title='bbox 769 318 810 398; x_wconf 83' lang='lat' dir='ltr'>of</span> <span class='ocrx_word' id='word_1_7' title='bbox 833 317 1014 399; x_wconf 83' lang='lat' dir='ltr'>Augustus.</span> <span class='ocrx_word' id='word_1_8' title='bbox 1072 327 1229 389; x_wconf 78' lang='lat' dir='ltr'>[Guoneros.</span> 
     </span>
    </p>
   </div>
   <div class='ocr_carea' id='block_1_2' title="bbox 153 501 1057 3803">
    <p class='ocr_par' dir='ltr' id='par_1_2' title="bbox 177 501 793 578">
     <span class='ocr_line' id='line_1_2' title="bbox 177 501 793 578; baseline -0.003 -17"><span class='ocrx_word' id='word_1_9' title='bbox 177 504 246 578; x_wconf 91' lang='lat' dir='ltr'>Ipse</span> <span class='ocrx_word' id='word_1_10' title='bbox 260 511 348 578; x_wconf 90' lang='lat' dir='ltr'>caput</span> <span class='ocrx_word' id='word_1_11' title='bbox 361 511 464 559; x_wconf 89' lang='lat' dir='ltr'>tonsae</span> <span class='ocrx_word' id='word_1_12' title='bbox 479 501 553 559; x_wconf 87' lang='lat' dir='ltr'>foliis</span> <span class='ocrx_word' id='word_1_13' title='bbox 568 510 685 559; x_wconf 90' lang='lat' dir='ltr'>ornatus</span> <span class='ocrx_word' id='word_1_14' title='bbox 700 502 793 559; x_wconf 90' lang='lat' dir='ltr'>olivae</span> 
     </span>
    </p>

    <p class='ocr_par' dir='ltr' id='par_1_3' title="bbox 153 596 1057 3218">
     <span class='ocr_line' id='line_1_3' title="bbox 153 596 986 676; baseline 0.004 -20"><span class='ocrx_word' id='word_1_15' title='bbox 153 596 159 608; x_wconf 90' lang='lat'>&#39;</span> <span class='ocrx_word' id='word_1_16' title='bbox 176 599 256 657; x_wconf 91' lang='lat' dir='ltr'>dona</span> <span class='ocrx_word' id='word_1_17' title='bbox 269 599 368 658; x_wconf 87' lang='lat' dir='ltr'>feram.</span> <span class='ocrx_word' id='word_1_18' title='bbox 411 601 474 657; x_wconf 89' lang='lat' dir='ltr'>Iam</span> <span class='ocrx_word' id='word_1_19' title='bbox 489 618 569 658; x_wconf 91' lang='lat' dir='ltr'>nunc</span> <span class='ocrx_word' id='word_1_20' title='bbox 583 599 721 656; x_wconf 88' lang='lat' dir='ltr'>solemnis</span> <span class='ocrx_word' id='word_1_21' title='bbox 736 599 845 657; x_wconf 90' lang='lat' dir='ltr'>ducere</span> <span class='ocrx_word' id='word_1_22' title='bbox 861 619 986 676; x_wconf 89' lang='lat' dir='ltr'>pompas</span> 
     </span>
     <span class='ocr_line' id='line_1_4' title="bbox 176 697 886 772; baseline 0.001 -17"><span class='ocrx_word' id='word_1_23' title='bbox 176 697 214 755; x_wconf 86' lang='lat' dir='ltr'>ad</span> <span class='ocrx_word' id='word_1_24' title='bbox 229 698 349 757; x_wconf 92' lang='lat' dir='ltr'>delubra</span> <span class='ocrx_word' id='word_1_25' title='bbox 362 698 440 756; x_wconf 91' lang='lat' dir='ltr'>iuvat</span> <span class='ocrx_word' id='word_1_26' title='bbox 455 716 618 772; x_wconf 91' lang='lat' dir='ltr'>caesosque</span> <span class='ocrx_word' id='word_1_27' title='bbox 632 697 731 755; x_wconf 90' lang='lat' dir='ltr'>videre</span> <span class='ocrx_word' id='word_1_28' title='bbox 746 697 886 756; x_wconf 90' lang='lat' dir='ltr'>iuvencos</span> 
     </span>
     <span class='ocr_line' id='line_1_5' title="bbox 176 795 903 870; baseline 0.001 -18"><span class='ocrx_word' id='word_1_29' title='bbox 176 796 221 854; x_wconf 90' lang='lat' dir='ltr'>vel</span> <span class='ocrx_word' id='word_1_30' title='bbox 235 814 344 853; x_wconf 89' lang='lat' dir='ltr'>scaena</span> <span class='ocrx_word' id='word_1_31' title='bbox 357 806 388 854; x_wconf 91' lang='lat' dir='ltr'>ut</span> <span class='ocrx_word' id='word_1_32' title='bbox 402 796 492 854; x_wconf 91' lang='lat' dir='ltr'>versis</span> <span class='ocrx_word' id='word_1_33' title='bbox 507 795 642 854; x_wconf 92' lang='lat' dir='ltr'>discedat</span> <span class='ocrx_word' id='word_1_34' title='bbox 656 796 797 853; x_wconf 87' lang='lat' dir='ltr'>frontibus</span> <span class='ocrx_word' id='word_1_35' title='bbox 812 805 903 870; x_wconf 91' lang='lat' dir='ltr'>utque</span> 
     </span>
     <span class='ocr_line' id='line_1_6' title="bbox 175 892 821 968; baseline 0 -18"><span class='ocrx_word' id='word_1_36' title='bbox 175 911 320 968; x_wconf 88' lang='lat' dir='ltr'>purpurea</span> <span class='ocrx_word' id='word_1_37' title='bbox 334 893 436 950; x_wconf 87' lang='lat' dir='ltr'>intexti</span> <span class='ocrx_word' id='word_1_38' title='bbox 451 894 551 950; x_wconf 92' lang='lat' dir='ltr'>tollant</span> <span class='ocrx_word' id='word_1_39' title='bbox 567 892 668 950; x_wconf 91' lang='lat' dir='ltr'>aulaea</span> <span class='ocrx_word' id='word_1_40' title='bbox 682 892 821 950; x_wconf 87' lang='lat' dir='ltr'>Britanni.</span> 
     </span>
     <span class='ocr_line' id='line_1_7' title="bbox 176 989 956 1065; baseline -0.001 -17"><span class='ocrx_word' id='word_1_41' title='bbox 176 993 212 1048; x_wconf 91' lang='lat' dir='ltr'>In</span> <span class='ocrx_word' id='word_1_42' title='bbox 227 991 335 1048; x_wconf 87' lang='lat' dir='ltr'>foribus</span> <span class='ocrx_word' id='word_1_43' title='bbox 349 1008 478 1065; x_wconf 89' lang='lat' dir='ltr'>pugnam</span> <span class='ocrx_word' id='word_1_44' title='bbox 494 1009 530 1046; x_wconf 89' lang='lat' dir='ltr'>ex</span> <span class='ocrx_word' id='word_1_45' title='bbox 545 1009 614 1047; x_wconf 93' lang='lat' dir='ltr'>auro</span> <span class='ocrx_word' id='word_1_46' title='bbox 629 989 783 1064; x_wconf 92' lang='lat' dir='ltr'>solidoque</span> <span class='ocrx_word' id='word_1_47' title='bbox 798 990 956 1065; x_wconf 92' lang='lat' dir='ltr'>elephanto</span> 
     </span>
     <span class='ocr_line' id='line_1_8' title="bbox 176 1087 917 1162; baseline 0 -17"><span class='ocrx_word' id='word_1_48' title='bbox 176 1087 375 1162; x_wconf 81' lang='lat' dir='ltr'>Gangaridum</span> <span class='ocrx_word' id='word_1_49' title='bbox 390 1087 495 1144; x_wconf 81' lang='lat' dir='ltr'>faciam</span> <span class='ocrx_word' id='word_1_50' title='bbox 510 1088 684 1162; x_wconf 90' lang='lat' dir='ltr'>victorisque</span> <span class='ocrx_word' id='word_1_51' title='bbox 700 1106 781 1145; x_wconf 88' lang='lat' dir='ltr'>arma</span> <span class='ocrx_word' id='word_1_52' title='bbox 796 1088 917 1162; x_wconf 85' lang='lat' dir='ltr'>Quirini,</span> 
     </span>
     <span class='ocr_line' id='line_1_9' title="bbox 175 1185 961 1261; baseline 0.003 -19"><span class='ocrx_word' id='word_1_53' title='bbox 175 1195 262 1260; x_wconf 90' lang='lat' dir='ltr'>atque</span> <span class='ocrx_word' id='word_1_54' title='bbox 277 1185 325 1242; x_wconf 91' lang='lat' dir='ltr'>hic</span> <span class='ocrx_word' id='word_1_55' title='bbox 340 1185 501 1242; x_wconf 90' lang='lat' dir='ltr'>undantem</span> <span class='ocrx_word' id='word_1_56' title='bbox 516 1185 593 1243; x_wconf 92' lang='lat' dir='ltr'>bello</span> <span class='ocrx_word' id='word_1_57' title='bbox 608 1204 807 1261; x_wconf 88' lang='lat' dir='ltr'>magnumque</span> <span class='ocrx_word' id='word_1_58' title='bbox 822 1186 961 1244; x_wconf 89' lang='lat' dir='ltr'>fluentem</span> 
     </span>
     <span class='ocr_line' id='line_1_10' title="bbox 176 1283 852 1358; baseline 0.001 -18"><span class='ocrx_word' id='word_1_59' title='bbox 176 1284 277 1341; x_wconf 91' lang='lat' dir='ltr'>Nilum</span> <span class='ocrx_word' id='word_1_60' title='bbox 292 1302 326 1340; x_wconf 91' lang='lat' dir='ltr'>ac</span> <span class='ocrx_word' id='word_1_61' title='bbox 341 1283 435 1340; x_wconf 90' lang='lat' dir='ltr'>navali</span> <span class='ocrx_word' id='word_1_62' title='bbox 449 1284 591 1358; x_wconf 91' lang='lat' dir='ltr'>surgentis</span> <span class='ocrx_word' id='word_1_63' title='bbox 606 1302 674 1341; x_wconf 87' lang='lat' dir='ltr'>aere</span> <span class='ocrx_word' id='word_1_64' title='bbox 690 1284 852 1342; x_wconf 86' lang='lat' dir='ltr'>columnas.</span> 
     </span>
     <span class='ocr_line' id='line_1_11' title="bbox 174 1381 989 1456; baseline 0 -18"><span class='ocrx_word' id='word_1_65' title='bbox 174 1381 291 1439; x_wconf 87' lang='lat' dir='ltr'><strong>Addam</strong></span> <span class='ocrx_word' id='word_1_66' title='bbox 306 1383 391 1439; x_wconf 91' lang='lat' dir='ltr'>urbes</span> <span class='ocrx_word' id='word_1_67' title='bbox 407 1382 492 1439; x_wconf 82' lang='lat' dir='ltr'>Asiae</span> <span class='ocrx_word' id='word_1_68' title='bbox 507 1381 633 1439; x_wconf 89' lang='lat' dir='ltr'>domitas</span> <span class='ocrx_word' id='word_1_69' title='bbox 648 1382 823 1456; x_wconf 89' lang='lat' dir='ltr'>pulsumque</span> <span class='ocrx_word' id='word_1_70' title='bbox 839 1382 989 1456; x_wconf 83' lang='lat' dir='ltr'>Niphaten</span> 
     </span>
     <span class='ocr_line' id='line_1_12' title="bbox 173 1478 895 1554; baseline 0 -18"><span class='ocrx_word' id='word_1_71' title='bbox 173 1478 373 1553; x_wconf 89' lang='lat' dir='ltr'>fidentemque</span> <span class='ocrx_word' id='word_1_72' title='bbox 388 1479 456 1554; x_wconf 86' lang='lat' dir='ltr'>fuga</span> <span class='ocrx_word' id='word_1_73' title='bbox 470 1479 608 1537; x_wconf 87' lang='lat' dir='ltr'>Parthum</span> <span class='ocrx_word' id='word_1_74' title='bbox 622 1480 771 1554; x_wconf 90' lang='lat' dir='ltr'>versisque</span> <span class='ocrx_word' id='word_1_75' title='bbox 786 1480 895 1554; x_wconf 87' lang='lat' dir='ltr'>sagittis</span> 
     </span>
     <span class='ocr_line' id='line_1_13' title="bbox 174 1576 890 1652; baseline -0.001 -18"><span class='ocrx_word' id='word_1_76' title='bbox 174 1587 204 1635; x_wconf 91' lang='lat' dir='ltr'>et</span> <span class='ocrx_word' id='word_1_77' title='bbox 218 1576 278 1634; x_wconf 92' lang='lat' dir='ltr'>duo</span> <span class='ocrx_word' id='word_1_78' title='bbox 293 1588 374 1652; x_wconf 89' lang='lat' dir='ltr'>rapta</span> <span class='ocrx_word' id='word_1_79' title='bbox 387 1596 475 1635; x_wconf 92' lang='lat' dir='ltr'>manu</span> <span class='ocrx_word' id='word_1_80' title='bbox 491 1576 605 1635; x_wconf 92' lang='lat' dir='ltr'>diverso</span> <span class='ocrx_word' id='word_1_81' title='bbox 621 1596 657 1634; x_wconf 92' lang='lat' dir='ltr'>ex</span> <span class='ocrx_word' id='word_1_82' title='bbox 671 1576 755 1634; x_wconf 90' lang='lat' dir='ltr'>hoste</span> <span class='ocrx_word' id='word_1_83' title='bbox 770 1586 890 1651; x_wconf 89' lang='lat' dir='ltr'>tropaea</span> 
     </span>
     <span class='ocr_line' id='line_1_14' title="bbox 174 1675 895 1750; baseline -0.001 -17"><span class='ocrx_word' id='word_1_84' title='bbox 174 1675 277 1749; x_wconf 89' lang='lat' dir='ltr'>bisque</span> <span class='ocrx_word' id='word_1_85' title='bbox 293 1675 482 1750; x_wconf 89' lang='lat' dir='ltr'>triumphatas</span> <span class='ocrx_word' id='word_1_86' title='bbox 496 1684 620 1750; x_wconf 82' lang='lat' dir='ltr'>utroque</span> <span class='ocrx_word' id='word_1_87' title='bbox 636 1675 672 1732; x_wconf 88' lang='lat' dir='ltr'>ab</span> <span class='ocrx_word' id='word_1_88' title='bbox 688 1675 770 1732; x_wconf 88' lang='lat' dir='ltr'>litore</span> <span class='ocrx_word' id='word_1_89' title='bbox 784 1684 895 1748; x_wconf 86' lang='lat' dir='ltr'>gentes.</span> 
     </span>
     <span class='ocr_line' id='line_1_15' title="bbox 174 1771 823 1848; baseline -0.006 -16"><span class='ocrx_word' id='word_1_90' title='bbox 174 1773 296 1832; x_wconf 90' lang='lat' dir='ltr'>Stabunt</span> <span class='ocrx_word' id='word_1_91' title='bbox 311 1782 340 1830; x_wconf 92' lang='lat' dir='ltr'>et</span> <span class='ocrx_word' id='word_1_92' title='bbox 355 1773 430 1829; x_wconf 91' lang='lat' dir='ltr'>Parii</span> <span class='ocrx_word' id='word_1_93' title='bbox 444 1771 564 1846; x_wconf 91' lang='lat' dir='ltr'>lapides,</span> <span class='ocrx_word' id='word_1_94' title='bbox 581 1773 719 1847; x_wconf 88' lang='lat' dir='ltr'>spirantia</span> <span class='ocrx_word' id='word_1_95' title='bbox 733 1773 823 1848; x_wconf 91' lang='lat' dir='ltr'>signa,</span> 
     </span>
     <span class='ocr_line' id='line_1_16' title="bbox 173 1870 883 1944; baseline -0.003 -15"><span class='ocrx_word' id='word_1_96' title='bbox 173 1871 306 1929; x_wconf 85' lang='lat' dir='ltr'>Assaraci</span> <span class='ocrx_word' id='word_1_97' title='bbox 320 1870 416 1944; x_wconf 91' lang='lat' dir='ltr'>proles</span> <span class='ocrx_word' id='word_1_98' title='bbox 430 1870 634 1944; x_wconf 84' lang='lat' dir='ltr'>demissaeque</span> <span class='ocrx_word' id='word_1_99' title='bbox 650 1870 687 1928; x_wconf 93' lang='lat' dir='ltr'>ab</span> <span class='ocrx_word' id='word_1_100' title='bbox 704 1871 774 1927; x_wconf 91' lang='lat' dir='ltr'>Iove</span> <span class='ocrx_word' id='word_1_101' title='bbox 789 1871 883 1944; x_wconf 91' lang='lat' dir='ltr'>gentis</span> 
     </span>
     <span class='ocr_line' id='line_1_17' title="bbox 172 1968 1005 2043; baseline 0 -17"><span class='ocrx_word' id='word_1_102' title='bbox 172 1969 293 2026; x_wconf 90' lang='lat' dir='ltr'>nomina</span> <span class='ocrx_word' id='word_1_103' title='bbox 306 1969 438 2043; x_wconf 88' lang='lat' dir='ltr'>Trosque</span> <span class='ocrx_word' id='word_1_104' title='bbox 453 1986 558 2042; x_wconf 87' lang='lat' dir='ltr'>parens</span> <span class='ocrx_word' id='word_1_105' title='bbox 574 1977 603 2024; x_wconf 93' lang='lat' dir='ltr'>et</span> <span class='ocrx_word' id='word_1_106' title='bbox 616 1968 722 2024; x_wconf 87' lang='lat' dir='ltr'>Troiae</span> <span class='ocrx_word' id='word_1_107' title='bbox 738 1968 880 2043; x_wconf 88' lang='lat' dir='ltr'>Cynthius</span> <span class='ocrx_word' id='word_1_108' title='bbox 895 1977 1005 2026; x_wconf 83' lang='lat' dir='ltr'>auctor.</span> 
     </span>
     <span class='ocr_line' id='line_1_18' title="bbox 173 2065 835 2140; baseline -0.003 -16"><span class='ocrx_word' id='word_1_109' title='bbox 173 2065 288 2124; x_wconf 88' lang='lat' dir='ltr'>Invidia</span> <span class='ocrx_word' id='word_1_110' title='bbox 298 2066 396 2123; x_wconf 83' lang='lat' dir='ltr'>infelix</span> <span class='ocrx_word' id='word_1_111' title='bbox 409 2065 495 2123; x_wconf 88' lang='lat' dir='ltr'>furias</span> <span class='ocrx_word' id='word_1_112' title='bbox 509 2083 687 2140; x_wconf 86' lang='lat' dir='ltr'>amnemque</span> <span class='ocrx_word' id='word_1_113' title='bbox 702 2084 835 2123; x_wconf 86' lang='lat' dir='ltr'>severum</span> 
     </span>
     <span class='ocr_line' id='line_1_19' title="bbox 172 2163 808 2240; baseline -0.003 -18"><span class='ocrx_word' id='word_1_114' title='bbox 172 2164 278 2240; x_wconf 89' lang='lat' dir='ltr'>Cocyti</span> <span class='ocrx_word' id='word_1_115' title='bbox 292 2173 403 2220; x_wconf 89' lang='lat' dir='ltr'>metuet</span> <span class='ocrx_word' id='word_1_116' title='bbox 417 2173 565 2237; x_wconf 90' lang='lat' dir='ltr'>tortosque</span> <span class='ocrx_word' id='word_1_117' title='bbox 582 2163 691 2221; x_wconf 85' lang='lat' dir='ltr'>Ixionis</span> <span class='ocrx_word' id='word_1_118' title='bbox 706 2164 808 2238; x_wconf 89' lang='lat' dir='ltr'>anguis</span> 
     </span>
     <span class='ocr_line' id='line_1_20' title="bbox 171 2262 959 2336; baseline 0.001 -18"><span class='ocrx_word' id='word_1_119' title='bbox 171 2262 389 2336; x_wconf 86' lang='lat' dir='ltr'>immanemque</span> <span class='ocrx_word' id='word_1_120' title='bbox 403 2270 498 2318; x_wconf 91' lang='lat' dir='ltr'>rotam</span> <span class='ocrx_word' id='word_1_121' title='bbox 513 2271 541 2318; x_wconf 91' lang='lat' dir='ltr'>et</span> <span class='ocrx_word' id='word_1_122' title='bbox 556 2279 616 2318; x_wconf 92' lang='lat' dir='ltr'>non</span> <span class='ocrx_word' id='word_1_123' title='bbox 631 2262 832 2336; x_wconf 87' lang='lat' dir='ltr'>exsuperabile</span> <span class='ocrx_word' id='word_1_124' title='bbox 848 2280 959 2320; x_wconf 85' lang='lat' dir='ltr'>saxum.</span> 
     </span>
     <span class='ocr_line' id='line_1_21' title="bbox 172 2358 881 2434; baseline -0.001 -17"><span class='ocrx_word' id='word_1_125' title='bbox 172 2361 288 2417; x_wconf 88' lang='lat' dir='ltr'>Interea</span> <span class='ocrx_word' id='word_1_126' title='bbox 302 2358 445 2434; x_wconf 89' lang='lat' dir='ltr'>dryadum</span> <span class='ocrx_word' id='word_1_127' title='bbox 460 2358 543 2416; x_wconf 87' lang='lat' dir='ltr'>silvas</span> <span class='ocrx_word' id='word_1_128' title='bbox 558 2359 707 2432; x_wconf 89' lang='lat' dir='ltr'>saltusque</span> <span class='ocrx_word' id='word_1_129' title='bbox 724 2377 881 2433; x_wconf 91' lang='lat' dir='ltr'>sequamur</span> 
     </span>
     <span class='ocr_line' id='line_1_22' title="bbox 170 2455 874 2530; baseline 0 -15"><span class='ocrx_word' id='word_1_130' title='bbox 170 2457 305 2529; x_wconf 91' lang='lat' dir='ltr'>intactos,</span> <span class='ocrx_word' id='word_1_131' title='bbox 320 2468 379 2530; x_wconf 89' lang='lat' dir='ltr'>tua,</span> <span class='ocrx_word' id='word_1_132' title='bbox 395 2459 564 2527; x_wconf 87' lang='lat' dir='ltr'>Maecenas,</span> <span class='ocrx_word' id='word_1_133' title='bbox 580 2455 659 2514; x_wconf 92' lang='lat' dir='ltr'>haud</span> <span class='ocrx_word' id='word_1_134' title='bbox 675 2456 774 2514; x_wconf 87' lang='lat' dir='ltr'>mollia</span> <span class='ocrx_word' id='word_1_135' title='bbox 788 2457 874 2515; x_wconf 86' lang='lat' dir='ltr'>iussa.</span> 
     </span>
     <span class='ocr_line' id='line_1_23' title="bbox 171 2553 941 2630; baseline -0.003 -17"><span class='ocrx_word' id='word_1_136' title='bbox 171 2557 214 2613; x_wconf 93' lang='lat' dir='ltr'>Te</span> <span class='ocrx_word' id='word_1_137' title='bbox 230 2556 291 2614; x_wconf 91' lang='lat' dir='ltr'>sine</span> <span class='ocrx_word' id='word_1_138' title='bbox 306 2556 345 2612; x_wconf 91' lang='lat' dir='ltr'>nil</span> <span class='ocrx_word' id='word_1_139' title='bbox 360 2555 450 2613; x_wconf 92' lang='lat' dir='ltr'>altum</span> <span class='ocrx_word' id='word_1_140' title='bbox 465 2573 548 2612; x_wconf 90' lang='lat' dir='ltr'>mens</span> <span class='ocrx_word' id='word_1_141' title='bbox 562 2553 702 2614; x_wconf 86' lang='lat' dir='ltr'>incohat:</span> <span class='ocrx_word' id='word_1_142' title='bbox 725 2573 763 2612; x_wconf 94' lang='lat' dir='ltr'>en</span> <span class='ocrx_word' id='word_1_143' title='bbox 777 2573 830 2630; x_wconf 89' lang='lat' dir='ltr'>age</span> <span class='ocrx_word' id='word_1_144' title='bbox 845 2555 941 2629; x_wconf 89' lang='lat' dir='ltr'>segnis</span> 
     </span>
     <span class='ocr_line' id='line_1_24' title="bbox 171 2651 955 2729; baseline -0.001 -18"><span class='ocrx_word' id='word_1_145' title='bbox 171 2672 273 2729; x_wconf 89' lang='lat' dir='ltr'>rumpe</span> <span class='ocrx_word' id='word_1_146' title='bbox 288 2672 402 2725; x_wconf 87' lang='lat' dir='ltr'>moras;</span> <span class='ocrx_word' id='word_1_147' title='bbox 424 2662 510 2711; x_wconf 91' lang='lat' dir='ltr'>vocat</span> <span class='ocrx_word' id='word_1_148' title='bbox 524 2652 635 2728; x_wconf 88' lang='lat' dir='ltr'>ingenti</span> <span class='ocrx_word' id='word_1_149' title='bbox 649 2651 778 2712; x_wconf 91' lang='lat' dir='ltr'>clamore</span> <span class='ocrx_word' id='word_1_150' title='bbox 792 2652 955 2711; x_wconf 90' lang='lat' dir='ltr'>Cithaeron</span> 
     </span>
     <span class='ocr_line' id='line_1_25' title="bbox 170 2750 1057 2827; baseline -0.003 -18"><span class='ocrx_word' id='word_1_151' title='bbox 170 2753 350 2827; x_wconf 83' lang='lat' dir='ltr'>Taygetique</span> <span class='ocrx_word' id='word_1_152' title='bbox 366 2769 454 2808; x_wconf 92' lang='lat' dir='ltr'>canes</span> <span class='ocrx_word' id='word_1_153' title='bbox 468 2750 664 2825; x_wconf 89' lang='lat' dir='ltr'>domitrixque</span> <span class='ocrx_word' id='word_1_154' title='bbox 680 2750 845 2825; x_wconf 89' lang='lat' dir='ltr'>Epidaurus</span> <span class='ocrx_word' id='word_1_155' title='bbox 860 2767 1012 2823; x_wconf 91' lang='lat' dir='ltr'>equorum,</span> <span class='ocrx_word' id='word_1_156' title='bbox 1053 2783 1057 2789; x_wconf 91' lang='lat'>-</span> 
     </span>
     <span class='ocr_line' id='line_1_26' title="bbox 171 2846 918 2923; baseline -0.007 -16"><span class='ocrx_word' id='word_1_157' title='bbox 171 2861 200 2908; x_wconf 91' lang='lat' dir='ltr'>et</span> <span class='ocrx_word' id='word_1_158' title='bbox 213 2869 270 2907; x_wconf 90' lang='lat' dir='ltr'>vox</span> <span class='ocrx_word' id='word_1_159' title='bbox 285 2849 410 2907; x_wconf 93' lang='lat' dir='ltr'>adsensu</span> <span class='ocrx_word' id='word_1_160' title='bbox 426 2866 579 2906; x_wconf 90' lang='lat' dir='ltr'>nemorum</span> <span class='ocrx_word' id='word_1_161' title='bbox 594 2847 773 2923; x_wconf 87' lang='lat' dir='ltr'>ingeminata</span> <span class='ocrx_word' id='word_1_162' title='bbox 786 2846 918 2921; x_wconf 87' lang='lat' dir='ltr'>remugit.</span> 
     </span>
     <span class='ocr_line' id='line_1_27' title="bbox 172 2945 896 3020; baseline -0.007 -14"><span class='ocrx_word' id='word_1_163' title='bbox 172 2950 244 3006; x_wconf 92' lang='lat' dir='ltr'>Mox</span> <span class='ocrx_word' id='word_1_164' title='bbox 259 2958 358 3006; x_wconf 90' lang='lat' dir='ltr'>tamen</span> <span class='ocrx_word' id='word_1_165' title='bbox 373 2946 500 3004; x_wconf 91' lang='lat' dir='ltr'>ardentis</span> <span class='ocrx_word' id='word_1_166' title='bbox 515 2946 654 3020; x_wconf 89' lang='lat' dir='ltr'>accingar</span> <span class='ocrx_word' id='word_1_167' title='bbox 668 2945 768 3002; x_wconf 89' lang='lat' dir='ltr'>dicere</span> <span class='ocrx_word' id='word_1_168' title='bbox 783 2963 896 3019; x_wconf 91' lang='lat' dir='ltr'>pugnas</span> 
     </span>
     <span class='ocr_line' id='line_1_28' title="bbox 171 3042 889 3116; baseline -0.007 -13"><span class='ocrx_word' id='word_1_169' title='bbox 171 3045 302 3104; x_wconf 90' lang='lat' dir='ltr'>Caesaris</span> <span class='ocrx_word' id='word_1_170' title='bbox 317 3053 347 3103; x_wconf 90' lang='lat' dir='ltr'>et</span> <span class='ocrx_word' id='word_1_171' title='bbox 360 3062 471 3102; x_wconf 90' lang='lat' dir='ltr'>nomen</span> <span class='ocrx_word' id='word_1_172' title='bbox 484 3044 561 3100; x_wconf 87' lang='lat' dir='ltr'>fama</span> <span class='ocrx_word' id='word_1_173' title='bbox 575 3053 618 3100; x_wconf 92' lang='lat' dir='ltr'>tot</span> <span class='ocrx_word' id='word_1_174' title='bbox 632 3042 706 3100; x_wconf 90' lang='lat' dir='ltr'>ferre</span> <span class='ocrx_word' id='word_1_175' title='bbox 721 3060 773 3116; x_wconf 90' lang='lat' dir='ltr'>per</span> <span class='ocrx_word' id='word_1_176' title='bbox 787 3061 889 3111; x_wconf 87' lang='lat' dir='ltr'>annos,</span> 
     </span>
     <span class='ocr_line' id='line_1_29' title="bbox 169 3140 888 3218; baseline -0.006 -18"><span class='ocrx_word' id='word_1_177' title='bbox 169 3143 289 3200; x_wconf 90' lang='lat' dir='ltr'>Tithoni</span> <span class='ocrx_word' id='word_1_178' title='bbox 303 3143 397 3218; x_wconf 88' lang='lat' dir='ltr'>prima</span> <span class='ocrx_word' id='word_1_179' title='bbox 411 3152 482 3216; x_wconf 91' lang='lat' dir='ltr'>quot</span> <span class='ocrx_word' id='word_1_180' title='bbox 496 3140 579 3198; x_wconf 91' lang='lat' dir='ltr'>abest</span> <span class='ocrx_word' id='word_1_181' title='bbox 593 3141 629 3199; x_wconf 90' lang='lat' dir='ltr'>ab</span> <span class='ocrx_word' id='word_1_182' title='bbox 645 3140 755 3214; x_wconf 89' lang='lat' dir='ltr'>origine</span> <span class='ocrx_word' id='word_1_183' title='bbox 772 3140 888 3198; x_wconf 90' lang='lat' dir='ltr'>Caesar.</span> 
     </span>
    </p>

    <p class='ocr_par' dir='ltr' id='par_1_4' title="bbox 167 3237 980 3803">
     <span class='ocr_line' id='line_1_30' title="bbox 210 3237 956 3315; baseline -0.008 -17"><span class='ocrx_word' id='word_1_184' title='bbox 210 3242 267 3299; x_wconf 91' lang='lat' dir='ltr'>Seu</span> <span class='ocrx_word' id='word_1_185' title='bbox 282 3241 345 3315; x_wconf 91' lang='lat' dir='ltr'>quis</span> <span class='ocrx_word' id='word_1_186' title='bbox 361 3239 550 3315; x_wconf 89' lang='lat' dir='ltr'>Olympiacae</span> <span class='ocrx_word' id='word_1_187' title='bbox 566 3238 684 3296; x_wconf 90' lang='lat' dir='ltr'>miratus</span> <span class='ocrx_word' id='word_1_188' title='bbox 699 3238 829 3312; x_wconf 87' lang='lat' dir='ltr'>praemia</span> <span class='ocrx_word' id='word_1_189' title='bbox 842 3237 956 3312; x_wconf 91' lang='lat' dir='ltr'>palmae</span> 
     </span>
     <span class='ocr_line' id='line_1_31' title="bbox 169 3335 931 3415; baseline -0.009 -17"><span class='ocrx_word' id='word_1_190' title='bbox 169 3340 262 3415; x_wconf 91' lang='lat' dir='ltr'>pascit</span> <span class='ocrx_word' id='word_1_191' title='bbox 277 3357 368 3414; x_wconf 92' lang='lat' dir='ltr'>equos</span> <span class='ocrx_word' id='word_1_192' title='bbox 383 3356 435 3395; x_wconf 94' lang='lat' dir='ltr'>seu</span> <span class='ocrx_word' id='word_1_193' title='bbox 449 3337 513 3412; x_wconf 92' lang='lat' dir='ltr'>quis</span> <span class='ocrx_word' id='word_1_194' title='bbox 527 3335 607 3393; x_wconf 84' lang='lat' dir='ltr'>fortis</span> <span class='ocrx_word' id='word_1_195' title='bbox 622 3335 661 3393; x_wconf 94' lang='lat' dir='ltr'>ad</span> <span class='ocrx_word' id='word_1_196' title='bbox 676 3345 769 3392; x_wconf 89' lang='lat' dir='ltr'>aratra</span> <span class='ocrx_word' id='word_1_197' title='bbox 783 3336 931 3404; x_wconf 78' lang='lat' dir='ltr'>iuvencoS,</span> 
     </span>
     <span class='ocr_line' id='line_1_32' title="bbox 169 3432 980 3512; baseline -0.009 -17"><span class='ocrx_word' id='word_1_198' title='bbox 169 3455 293 3512; x_wconf 88' lang='lat' dir='ltr'>corpora</span> <span class='ocrx_word' id='word_1_199' title='bbox 306 3435 463 3511; x_wconf 90' lang='lat' dir='ltr'>praecipue</span> <span class='ocrx_word' id='word_1_200' title='bbox 478 3442 603 3492; x_wconf 90' lang='lat' dir='ltr'>matrum</span> <span class='ocrx_word' id='word_1_201' title='bbox 617 3434 702 3508; x_wconf 85' lang='lat' dir='ltr'>legat.</span> <span class='ocrx_word' id='word_1_202' title='bbox 746 3432 867 3507; x_wconf 90' lang='lat' dir='ltr'>Optima</span> <span class='ocrx_word' id='word_1_203' title='bbox 881 3442 980 3489; x_wconf 89' lang='lat' dir='ltr'>torvae</span> 
     </span>
     <span class='ocr_line' id='line_1_33' title="bbox 169 3530 962 3606; baseline -0.01 -13"><span class='ocrx_word' id='word_1_204' title='bbox 169 3536 261 3593; x_wconf 82' lang='lat' dir='ltr'>forma</span> <span class='ocrx_word' id='word_1_205' title='bbox 275 3533 366 3604; x_wconf 74' lang='lat' dir='ltr'>boviS,</span> <span class='ocrx_word' id='word_1_206' title='bbox 382 3533 430 3589; x_wconf 92' lang='lat' dir='ltr'>cui</span> <span class='ocrx_word' id='word_1_207' title='bbox 444 3542 526 3606; x_wconf 89' lang='lat' dir='ltr'>turpe</span> <span class='ocrx_word' id='word_1_208' title='bbox 541 3541 639 3606; x_wconf 92' lang='lat' dir='ltr'>caput,</span> <span class='ocrx_word' id='word_1_209' title='bbox 655 3531 703 3588; x_wconf 90' lang='lat' dir='ltr'>cui</span> <span class='ocrx_word' id='word_1_210' title='bbox 717 3531 842 3605; x_wconf 89' lang='lat' dir='ltr'>plurima</span> <span class='ocrx_word' id='word_1_211' title='bbox 856 3530 962 3599; x_wconf 91' lang='lat' dir='ltr'>cervix,</span> 
     </span>
     <span class='ocr_line' id='line_1_34' title="bbox 169 3627 879 3704; baseline -0.008 -14"><span class='ocrx_word' id='word_1_212' title='bbox 169 3642 198 3690; x_wconf 90' lang='lat' dir='ltr'>et</span> <span class='ocrx_word' id='word_1_213' title='bbox 212 3651 328 3689; x_wconf 91' lang='lat' dir='ltr'>crurum</span> <span class='ocrx_word' id='word_1_214' title='bbox 343 3640 426 3688; x_wconf 89' lang='lat' dir='ltr'>tenus</span> <span class='ocrx_word' id='word_1_215' title='bbox 442 3649 460 3687; x_wconf 88' lang='lat' dir='ltr'>a</span> <span class='ocrx_word' id='word_1_216' title='bbox 474 3639 574 3687; x_wconf 91' lang='lat' dir='ltr'>mento</span> <span class='ocrx_word' id='word_1_217' title='bbox 589 3629 715 3704; x_wconf 89' lang='lat' dir='ltr'>palearia</span> <span class='ocrx_word' id='word_1_218' title='bbox 728 3627 879 3704; x_wconf 81' lang='lat' dir='ltr'>pendent;</span> 
     </span>
     <span class='ocr_line' id='line_1_35' title="bbox 167 3726 930 3803; baseline -0.01 -15"><span class='ocrx_word' id='word_1_219' title='bbox 167 3741 230 3788; x_wconf 90' lang='lat' dir='ltr'>turn</span> <span class='ocrx_word' id='word_1_220' title='bbox 244 3729 333 3803; x_wconf 91' lang='lat' dir='ltr'>longo</span> <span class='ocrx_word' id='word_1_221' title='bbox 348 3728 442 3786; x_wconf 91' lang='lat' dir='ltr'>nullus</span> <span class='ocrx_word' id='word_1_222' title='bbox 456 3728 538 3786; x_wconf 90' lang='lat' dir='ltr'>lateri</span> <span class='ocrx_word' id='word_1_223' title='bbox 552 3726 657 3786; x_wconf 90' lang='lat' dir='ltr'>modus</span> <span class='ocrx_word' id='word_1_224' title='bbox 669 3747 677 3798; x_wconf 92' lang='lat'>;</span> <span class='ocrx_word' id='word_1_225' title='bbox 700 3726 801 3784; x_wconf 92' lang='lat' dir='ltr'>omnia</span> <span class='ocrx_word' id='word_1_226' title='bbox 816 3743 930 3799; x_wconf 90' lang='lat' dir='ltr'>magna,</span> 
     </span>
    </p>
   </div>
   <div class='ocr_carea' id='block_1_3' title="bbox 341 3852 1049 3910">
    <p class='ocr_par' dir='ltr' id='par_1_5' title="bbox 341 3852 1049 3910">
     <span class='ocr_line' id='line_1_36' title="bbox 341 3852 1049 3910; baseline -0.004 -9"><span class='ocrx_word' id='word_1_227' title='bbox 341 3857 363 3889; x_wconf 78' lang='lat'>⁴2</span> <span class='ocrx_word' id='word_1_228' title='bbox 373 3858 473 3903; x_wconf 80' lang='lat' dir='ltr'>inchoat.</span> <span class='ocrx_word' id='word_1_229' title='bbox 489 3858 547 3903; x_wconf 86' lang='lat' dir='ltr'>Eds.</span> <span class='ocrx_word' id='word_1_230' title='bbox 888 3852 911 3885; x_wconf 85' lang='lat'>⁶⁰</span> <span class='ocrx_word' id='word_1_231' title='bbox 918 3857 1004 3910; x_wconf 81' lang='lat' dir='ltr'>pascet.</span> <span class='ocrx_word' id='word_1_232' title='bbox 1021 3854 1049 3898; x_wconf 90' lang='lat' dir='ltr'>R.</span> 
     </span>
    </p>
   </div>
   <div class='ocr_carea' id='block_1_4' title="bbox 0 0 1376 4284">
    <p class='ocr_par' dir='ltr' id='par_1_6' title="bbox 0 0 1376 4284">
     <span class='ocr_line' id='line_1_37' title="bbox 0 0 1376 4284; baseline 0 2"><span class='ocrx_word' id='word_1_233' title='bbox 0 0 1376 4284; x_wconf 95' lang='lat' dir='ltr'> </span> 
     </span>
    </p>
   </div>
  </div>
 </body>
</html>
