<?xml version="1.0" encoding="UTF-8"?>
<!DOCTYPE html PUBLIC "-//W3C//DTD XHTML 1.0 Transitional//EN"
    "http://www.w3.org/TR/xhtml1/DTD/xhtml1-transitional.dtd">
<html xmlns="http://www.w3.org/1999/xhtml" xml:lang="en" lang="en">
 <head>
  <title>
</title>
<meta http-equiv="Content-Type" content="text/html;charset=utf-8" />
  <meta name='ocr-system' content='tesseract 3.04.00' />
  <meta name='ocr-capabilities' content='ocr_page ocr_carea ocr_par ocr_line ocrx_word'/>
</head>
<body>
  <div class='ocr_page' id='page_1' title='image "./greaterpoemsvir03virggoog_0215.png"; bbox 0 0 2742 4284; ppageno 0'>
   <div class='ocr_carea' id='block_1_1' title="bbox 133 295 791 378">
    <p class='ocr_par' dir='ltr' id='par_1_1' title="bbox 133 295 791 378">
     <span class='ocr_line' id='line_1_1' title="bbox 133 295 791 378; baseline 0.011 -24"><span class='ocrx_word' id='word_1_1' title='bbox 133 305 185 354; x_wconf 89' lang='lat'>111.</span> <span class='ocrx_word' id='word_1_2' title='bbox 203 305 277 369; x_wconf 58' lang='lat'>498]</span> <span class='ocrx_word' id='word_1_3' title='bbox 478 341 491 362; x_wconf 82' lang='grc'>,,</span> <span class='ocrx_word' id='word_1_4' title='bbox 528 295 585 358; x_wconf 82' lang='lat' dir='ltr'>An</span> <span class='ocrx_word' id='word_1_5' title='bbox 608 296 791 378; x_wconf 80' lang='lat' dir='ltr'>Epidemic.</span> 
     </span>
    </p>
   </div>
   <div class='ocr_carea' id='block_1_2' title="bbox 71 481 1188 3196">
    <p class='ocr_par' dir='ltr' id='par_1_2' title="bbox 71 481 1188 3196">
     <span class='ocr_line' id='line_1_2' title="bbox 134 481 949 558; baseline 0.004 -19"><span class='ocrx_word' id='word_1_6' title='bbox 134 481 233 556; x_wconf 90' lang='lat' dir='ltr'>Quam</span> <span class='ocrx_word' id='word_1_7' title='bbox 248 482 352 556; x_wconf 92' lang='lat' dir='ltr'>procul</span> <span class='ocrx_word' id='word_1_8' title='bbox 366 490 414 539; x_wconf 87' lang='lat' dir='ltr'>aut</span> <span class='ocrx_word' id='word_1_9' title='bbox 429 481 509 539; x_wconf 92' lang='lat' dir='ltr'>molli</span> <span class='ocrx_word' id='word_1_10' title='bbox 523 481 683 558; x_wconf 82' lang='lat' dir='ltr'>succedere</span> <span class='ocrx_word' id='word_1_11' title='bbox 699 482 815 557; x_wconf 89' lang='lat' dir='ltr'>saepius</span> <span class='ocrx_word' id='word_1_12' title='bbox 829 484 949 542; x_wconf 82' lang='lat' dir='ltr'>umbrae</span> 
     </span>
     <span class='ocr_line' id='line_1_3' title="bbox 132 576 907 654; baseline 0.005 -19"><span class='ocrx_word' id='word_1_13' title='bbox 132 576 239 636; x_wconf 90' lang='lat' dir='ltr'>videris</span> <span class='ocrx_word' id='word_1_14' title='bbox 254 588 304 635; x_wconf 90' lang='lat' dir='ltr'>aut</span> <span class='ocrx_word' id='word_1_15' title='bbox 319 597 447 636; x_wconf 87' lang='lat' dir='ltr'>summas</span> <span class='ocrx_word' id='word_1_16' title='bbox 463 589 632 653; x_wconf 82' lang='lat' dir='ltr'><strong>carpentem</strong></span> <span class='ocrx_word' id='word_1_17' title='bbox 649 579 779 654; x_wconf 85' lang='lat' dir='ltr'>ignavius</span> <span class='ocrx_word' id='word_1_18' title='bbox 794 581 907 651; x_wconf 85' lang='lat' dir='ltr'>herbas,</span> 
     </span>
     <span class='ocr_line' id='line_1_4' title="bbox 132 671 965 755; baseline 0.004 -21"><span class='ocrx_word' id='word_1_19' title='bbox 132 671 355 751; x_wconf 84' lang='lat' dir='ltr'>extremamque</span> <span class='ocrx_word' id='word_1_20' title='bbox 370 677 453 751; x_wconf 90' lang='lat' dir='ltr'>sequi</span> <span class='ocrx_word' id='word_1_21' title='bbox 469 687 518 734; x_wconf 90' lang='lat' dir='ltr'>aut</span> <span class='ocrx_word' id='word_1_22' title='bbox 534 675 633 735; x_wconf 90' lang='lat' dir='ltr'>medio</span> <span class='ocrx_word' id='word_1_23' title='bbox 648 679 842 752; x_wconf 86' lang='lat' dir='ltr'>procumbere</span> <span class='ocrx_word' id='word_1_24' title='bbox 857 698 965 755; x_wconf 89' lang='lat' dir='ltr'>campo</span> 
     </span>
     <span class='ocr_line' id='line_1_5' title="bbox 131 773 818 850; baseline 0.003 -19"><span class='ocrx_word' id='word_1_25' title='bbox 131 784 303 850; x_wconf 91' lang='lat' dir='ltr'>pascentem</span> <span class='ocrx_word' id='word_1_26' title='bbox 319 783 348 831; x_wconf 93' lang='lat' dir='ltr'>et</span> <span class='ocrx_word' id='word_1_27' title='bbox 363 792 444 831; x_wconf 88' lang='lat' dir='ltr'>serae</span> <span class='ocrx_word' id='word_1_28' title='bbox 459 775 551 832; x_wconf 90' lang='lat' dir='ltr'>solam</span> <span class='ocrx_word' id='word_1_29' title='bbox 565 773 713 832; x_wconf 87' lang='lat' dir='ltr'>decedere</span> <span class='ocrx_word' id='word_1_30' title='bbox 728 777 818 847; x_wconf 86' lang='lat' dir='ltr'>nocti,</span> 
     </span>
     <span class='ocr_line' id='line_1_6' title="bbox 132 873 870 948; baseline 0.003 -18"><span class='ocrx_word' id='word_1_31' title='bbox 132 873 275 931; x_wconf 89' lang='lat' dir='ltr'>continuo</span> <span class='ocrx_word' id='word_1_32' title='bbox 290 873 407 947; x_wconf 90' lang='lat' dir='ltr'>culpam</span> <span class='ocrx_word' id='word_1_33' title='bbox 422 873 496 931; x_wconf 90' lang='lat' dir='ltr'>ferro</span> <span class='ocrx_word' id='word_1_34' title='bbox 512 891 670 948; x_wconf 86' lang='lat' dir='ltr'>compesce</span> <span class='ocrx_word' id='word_1_35' title='bbox 686 875 766 948; x_wconf 91' lang='lat' dir='ltr'>prius</span> <span class='ocrx_word' id='word_1_36' title='bbox 781 893 870 948; x_wconf 92' lang='lat' dir='ltr'>quam</span> 
     </span>
     <span class='ocr_line' id='line_1_7' title="bbox 71 969 832 1047; baseline 0.003 -19"><span class='ocrx_word' id='word_1_37' title='bbox 71 1034 79 1046; x_wconf 55' lang='grc'><strong>,</strong></span> <span class='ocrx_word' id='word_1_38' title='bbox 131 969 195 1028; x_wconf 86' lang='lat' dir='ltr'>dira</span> <span class='ocrx_word' id='word_1_39' title='bbox 209 988 262 1045; x_wconf 93' lang='lat' dir='ltr'>per</span> <span class='ocrx_word' id='word_1_40' title='bbox 275 971 425 1029; x_wconf 90' lang='lat' dir='ltr'>incautum</span> <span class='ocrx_word' id='word_1_41' title='bbox 440 981 557 1046; x_wconf 88' lang='lat' dir='ltr'>serpant</span> <span class='ocrx_word' id='word_1_42' title='bbox 573 973 709 1046; x_wconf 85' lang='lat' dir='ltr'>contagia</span> <span class='ocrx_word' id='word_1_43' title='bbox 723 972 832 1047; x_wconf 86' lang='lat' dir='ltr'>vulgus.</span> 
     </span>
     <span class='ocr_line' id='line_1_8' title="bbox 132 1069 1188 1145; baseline 0.003 -19"><span class='ocrx_word' id='word_1_44' title='bbox 132 1069 203 1126; x_wconf 91' lang='lat' dir='ltr'>Non</span> <span class='ocrx_word' id='word_1_45' title='bbox 217 1078 278 1126; x_wconf 93' lang='lat' dir='ltr'>tam</span> <span class='ocrx_word' id='word_1_46' title='bbox 293 1070 395 1127; x_wconf 90' lang='lat' dir='ltr'>creber</span> <span class='ocrx_word' id='word_1_47' title='bbox 409 1088 497 1144; x_wconf 85' lang='lat' dir='ltr'>agens</span> <span class='ocrx_word' id='word_1_48' title='bbox 513 1069 642 1127; x_wconf 85' lang='lat' dir='ltr'>hiemem</span> <span class='ocrx_word' id='word_1_49' title='bbox 657 1071 714 1127; x_wconf 91' lang='lat' dir='ltr'>ruit</span> <span class='ocrx_word' id='word_1_50' title='bbox 724 1070 855 1145; x_wconf 83' lang='lat' dir='ltr'>&#39;aequore</span> <span class='ocrx_word' id='word_1_51' title='bbox 870 1071 964 1143; x_wconf 90' lang='lat' dir='ltr'>turbo,</span> <span class='ocrx_word' id='word_1_52' title='bbox 984 1125 988 1128; x_wconf 82' lang='grc'><em>.</em></span> <span class='ocrx_word' id='word_1_53' title='bbox 1144 1087 1188 1128; x_wconf 79' lang='grc'>470</span> 
     </span>
     <span class='ocr_line' id='line_1_9' title="bbox 130 1166 980 1243; baseline 0.005 -20"><span class='ocrx_word' id='word_1_54' title='bbox 130 1184 222 1240; x_wconf 90' lang='lat' dir='ltr'>quam</span> <span class='ocrx_word' id='word_1_55' title='bbox 238 1166 346 1225; x_wconf 90' lang='lat' dir='ltr'>multae</span> <span class='ocrx_word' id='word_1_56' title='bbox 362 1166 512 1241; x_wconf 89' lang='lat' dir='ltr'>pecudum</span> <span class='ocrx_word' id='word_1_57' title='bbox 527 1178 634 1243; x_wconf 89' lang='lat' dir='ltr'>pestes.</span> <span class='ocrx_word' id='word_1_58' title='bbox 678 1169 745 1225; x_wconf 91' lang='lat' dir='ltr'>Nec</span> <span class='ocrx_word' id='word_1_59' title='bbox 760 1169 873 1243; x_wconf 89' lang='lat' dir='ltr'>singula</span> <span class='ocrx_word' id='word_1_60' title='bbox 888 1170 980 1227; x_wconf 90' lang='lat' dir='ltr'>morbi</span> 
     </span>
     <span class='ocr_line' id='line_1_10' title="bbox 130 1264 852 1340; baseline 0.006 -20"><span class='ocrx_word' id='word_1_61' title='bbox 130 1264 257 1339; x_wconf 86' lang='lat' dir='ltr'>coipora</span> <span class='ocrx_word' id='word_1_62' title='bbox 269 1265 436 1340; x_wconf 87' lang='lat' dir='ltr'>corripiunt,</span> <span class='ocrx_word' id='word_1_63' title='bbox 452 1265 505 1323; x_wconf 92' lang='lat' dir='ltr'>sed</span> <span class='ocrx_word' id='word_1_64' title='bbox 520 1275 582 1323; x_wconf 86' lang='lat' dir='ltr'>tota</span> <span class='ocrx_word' id='word_1_65' title='bbox 596 1266 706 1323; x_wconf 88' lang='lat' dir='ltr'>aestiva</span> <span class='ocrx_word' id='word_1_66' title='bbox 720 1276 852 1340; x_wconf 89' lang='lat' dir='ltr'>repente,</span> 
     </span>
     <span class='ocr_line' id='line_1_11' title="bbox 130 1363 1102 1440; baseline 0.005 -21"><span class='ocrx_word' id='word_1_67' title='bbox 130 1379 274 1436; x_wconf 90' lang='lat' dir='ltr'>spemque</span> <span class='ocrx_word' id='word_1_68' title='bbox 289 1381 466 1438; x_wconf 88' lang='lat' dir='ltr'>gregemque</span> <span class='ocrx_word' id='word_1_69' title='bbox 482 1363 568 1420; x_wconf 91' lang='lat' dir='ltr'>simul</span> <span class='ocrx_word' id='word_1_70' title='bbox 583 1373 781 1438; x_wconf 87' lang='lat' dir='ltr'>cunctamque</span> <span class='ocrx_word' id='word_1_71' title='bbox 796 1364 834 1422; x_wconf 90' lang='lat' dir='ltr'>ab</span> <span class='ocrx_word' id='word_1_72' title='bbox 849 1365 960 1439; x_wconf 85' lang='lat' dir='ltr'>origine</span> <span class='ocrx_word' id='word_1_73' title='bbox 974 1376 1102 1440; x_wconf 87' lang='lat' dir='ltr'>gentem.</span> 
     </span>
     <span class='ocr_line' id='line_1_12' title="bbox 129 1460 782 1542; baseline 0.003 -26"><span class='ocrx_word' id='word_1_74' title='bbox 129 1460 207 1517; x_wconf 92' lang='lat' dir='ltr'>Tum</span> <span class='ocrx_word' id='word_1_75' title='bbox 222 1461 304 1530; x_wconf 89' lang='lat' dir='ltr'>sciat,</span> <span class='ocrx_word' id='word_1_76' title='bbox 320 1460 410 1518; x_wconf 72' lang='lat' dir='ltr'>aerias</span> <span class='ocrx_word' id='word_1_77' title='bbox 426 1461 507 1536; x_wconf 93' lang='lat' dir='ltr'>Alpis</span> <span class='ocrx_word' id='word_1_78' title='bbox 522 1471 551 1542; x_wconf 83' lang='lat' dir='ltr'>et</span> <span class='ocrx_word' id='word_1_79' title='bbox 566 1461 677 1519; x_wconf 88' lang='lat' dir='ltr'>Norica</span> <span class='ocrx_word' id='word_1_80' title='bbox 693 1461 782 1535; x_wconf 89' lang='lat' dir='ltr'>siquis</span> 
     </span>
     <span class='ocr_line' id='line_1_13' title="bbox 130 1558 812 1635; baseline 0.003 -21"><span class='ocrx_word' id='word_1_81' title='bbox 130 1559 249 1615; x_wconf 89' lang='lat' dir='ltr'>castella</span> <span class='ocrx_word' id='word_1_82' title='bbox 262 1558 293 1614; x_wconf 91' lang='lat' dir='ltr'>in</span> <span class='ocrx_word' id='word_1_83' title='bbox 307 1559 424 1616; x_wconf 90' lang='lat' dir='ltr'>tumulis</span> <span class='ocrx_word' id='word_1_84' title='bbox 439 1567 468 1616; x_wconf 93' lang='lat' dir='ltr'>et</span> <span class='ocrx_word' id='word_1_85' title='bbox 483 1559 602 1635; x_wconf 90' lang='lat' dir='ltr'>Iapydis</span> <span class='ocrx_word' id='word_1_86' title='bbox 617 1578 684 1616; x_wconf 90' lang='lat' dir='ltr'>arva</span> <span class='ocrx_word' id='word_1_87' title='bbox 699 1560 812 1617; x_wconf 90' lang='lat' dir='ltr'>Timavi</span> 
     </span>
     <span class='ocr_line' id='line_1_14' title="bbox 129 1655 929 1732; baseline 0.004 -20"><span class='ocrx_word' id='word_1_88' title='bbox 129 1674 211 1712; x_wconf 91' lang='lat' dir='ltr'>nuuc</span> <span class='ocrx_word' id='word_1_89' title='bbox 224 1674 342 1730; x_wconf 91' lang='lat' dir='ltr'>quoque</span> <span class='ocrx_word' id='word_1_90' title='bbox 358 1666 426 1731; x_wconf 91' lang='lat' dir='ltr'>post</span> <span class='ocrx_word' id='word_1_91' title='bbox 440 1666 521 1714; x_wconf 90' lang='lat' dir='ltr'>tanto</span> <span class='ocrx_word' id='word_1_92' title='bbox 536 1656 635 1714; x_wconf 90' lang='lat' dir='ltr'>videat</span> <span class='ocrx_word' id='word_1_93' title='bbox 650 1655 825 1732; x_wconf 85' lang='lat' dir='ltr'>desertaque</span> <span class='ocrx_word' id='word_1_94' title='bbox 840 1676 929 1732; x_wconf 87' lang='lat' dir='ltr'>regna</span> 
     </span>
     <span class='ocr_line' id='line_1_15' title="bbox 129 1754 817 1829; baseline 0.003 -19"><span class='ocrx_word' id='word_1_95' title='bbox 129 1762 283 1827; x_wconf 90' lang='lat' dir='ltr'>pastorum</span> <span class='ocrx_word' id='word_1_96' title='bbox 296 1764 325 1810; x_wconf 92' lang='lat' dir='ltr'>et</span> <span class='ocrx_word' id='word_1_97' title='bbox 340 1754 427 1829; x_wconf 86' lang='lat' dir='ltr'>longe</span> <span class='ocrx_word' id='word_1_98' title='bbox 443 1755 531 1812; x_wconf 93' lang='lat' dir='ltr'>saltus</span> <span class='ocrx_word' id='word_1_99' title='bbox 547 1754 662 1829; x_wconf 89' lang='lat' dir='ltr'>lateque</span> <span class='ocrx_word' id='word_1_100' title='bbox 678 1756 817 1813; x_wconf 89' lang='lat' dir='ltr'>vacantis.</span> 
     </span>
     <span class='ocr_line' id='line_1_16' title="bbox 172 1850 965 1925; baseline 0.006 -18"><span class='ocrx_word' id='word_1_101' title='bbox 172 1851 233 1908; x_wconf 91' lang='lat' dir='ltr'>Hic</span> <span class='ocrx_word' id='word_1_102' title='bbox 248 1850 400 1925; x_wconf 89' lang='lat' dir='ltr'>quondam</span> <span class='ocrx_word' id='word_1_103' title='bbox 415 1852 518 1910; x_wconf 90' lang='lat' dir='ltr'>morbo</span> <span class='ocrx_word' id='word_1_104' title='bbox 534 1852 608 1909; x_wconf 90' lang='lat' dir='ltr'>caeli</span> <span class='ocrx_word' id='word_1_105' title='bbox 624 1851 791 1910; x_wconf 90' lang='lat' dir='ltr'>miseranda</span> <span class='ocrx_word' id='word_1_106' title='bbox 805 1865 907 1911; x_wconf 91' lang='lat' dir='ltr'>coorta</span> <span class='ocrx_word' id='word_1_107' title='bbox 921 1865 965 1912; x_wconf 91' lang='lat' dir='ltr'>est</span> 
     </span>
     <span class='ocr_line' id='line_1_17' title="bbox 83 1950 849 2024; baseline 0.007 -20"><span class='ocrx_word' id='word_1_108' title='bbox 83 1984 86 1988; x_wconf 96' lang='lat'>-</span> <span class='ocrx_word' id='word_1_109' title='bbox 128 1957 289 2023; x_wconf 87' lang='lat' dir='ltr'>tempestas</span> <span class='ocrx_word' id='word_1_110' title='bbox 303 1958 426 2024; x_wconf 90' lang='lat' dir='ltr'>totoque</span> <span class='ocrx_word' id='word_1_111' title='bbox 442 1951 574 2008; x_wconf 87' lang='lat' dir='ltr'>autumni</span> <span class='ocrx_word' id='word_1_112' title='bbox 590 1950 741 2008; x_wconf 88' lang='lat' dir='ltr'>incanduit</span> <span class='ocrx_word' id='word_1_113' title='bbox 756 1961 849 2021; x_wconf 89' lang='lat' dir='ltr'>aestu,</span> 
     </span>
     <span class='ocr_line' id='line_1_18' title="bbox 128 2047 976 2122; baseline 0.005 -19"><span class='ocrx_word' id='word_1_114' title='bbox 128 2055 160 2104; x_wconf 92' lang='lat' dir='ltr'>et</span> <span class='ocrx_word' id='word_1_115' title='bbox 173 2064 266 2122; x_wconf 90' lang='lat' dir='ltr'>genus</span> <span class='ocrx_word' id='word_1_116' title='bbox 280 2065 369 2105; x_wconf 92' lang='lat' dir='ltr'>omne</span> <span class='ocrx_word' id='word_1_117' title='bbox 384 2047 451 2104; x_wconf 90' lang='lat' dir='ltr'>neci</span> <span class='ocrx_word' id='word_1_118' title='bbox 465 2047 616 2122; x_wconf 89' lang='lat' dir='ltr'>pecudum</span> <span class='ocrx_word' id='word_1_119' title='bbox 631 2048 723 2119; x_wconf 91' lang='lat' dir='ltr'>dedit,</span> <span class='ocrx_word' id='word_1_120' title='bbox 739 2067 827 2106; x_wconf 91' lang='lat' dir='ltr'>omne</span> <span class='ocrx_word' id='word_1_121' title='bbox 842 2050 976 2122; x_wconf 84' lang='lat' dir='ltr'>serarum,</span> 
     </span>
     <span class='ocr_line' id='line_1_19' title="bbox 128 2145 755 2220; baseline 0.005 -19"><span class='ocrx_word' id='word_1_122' title='bbox 128 2145 318 2219; x_wconf 91' lang='lat' dir='ltr'>corrupitque</span> <span class='ocrx_word' id='word_1_123' title='bbox 332 2145 422 2216; x_wconf 90' lang='lat' dir='ltr'>lacus,</span> <span class='ocrx_word' id='word_1_124' title='bbox 438 2145 540 2203; x_wconf 83' lang='lat' dir='ltr'>infecit</span> <span class='ocrx_word' id='word_1_125' title='bbox 555 2147 663 2220; x_wconf 90' lang='lat' dir='ltr'>pabula</span> <span class='ocrx_word' id='word_1_126' title='bbox 677 2147 755 2204; x_wconf 85' lang='lat' dir='ltr'>tabu.</span> 
     </span>
     <span class='ocr_line' id='line_1_20' title="bbox 129 2241 921 2319; baseline 0.004 -19"><span class='ocrx_word' id='word_1_127' title='bbox 129 2241 160 2300; x_wconf 96' lang='lat' dir='ltr'>N</span> <span class='ocrx_word' id='word_1_128' title='bbox 162 2261 196 2298; x_wconf 91' lang='lat' dir='ltr'>ec</span> <span class='ocrx_word' id='word_1_129' title='bbox 211 2243 257 2299; x_wconf 90' lang='lat' dir='ltr'>via</span> <span class='ocrx_word' id='word_1_130' title='bbox 271 2243 371 2300; x_wconf 89' lang='lat' dir='ltr'>mortis</span> <span class='ocrx_word' id='word_1_131' title='bbox 386 2253 447 2300; x_wconf 89' lang='lat' dir='ltr'>erat</span> <span class='ocrx_word' id='word_1_132' title='bbox 461 2243 593 2319; x_wconf 84' lang='lat' dir='ltr'>simplex,</span> <span class='ocrx_word' id='word_1_133' title='bbox 609 2243 662 2301; x_wconf 89' lang='lat' dir='ltr'>sed</span> <span class='ocrx_word' id='word_1_134' title='bbox 677 2245 727 2302; x_wconf 93' lang='lat' dir='ltr'>ubi</span> <span class='ocrx_word' id='word_1_135' title='bbox 741 2245 827 2319; x_wconf 88' lang='lat' dir='ltr'>ignea</span> <span class='ocrx_word' id='word_1_136' title='bbox 840 2246 921 2303; x_wconf 90' lang='lat' dir='ltr'>venis</span> 
     </span>
     <span class='ocr_line' id='line_1_21' title="bbox 129 2339 837 2413; baseline 0.006 -17"><span class='ocrx_word' id='word_1_137' title='bbox 129 2339 267 2398; x_wconf 92' lang='lat' dir='ltr'>omnibus</span> <span class='ocrx_word' id='word_1_138' title='bbox 283 2351 349 2397; x_wconf 89' lang='lat' dir='ltr'>acta</span> <span class='ocrx_word' id='word_1_139' title='bbox 363 2341 423 2398; x_wconf 92' lang='lat' dir='ltr'>sitis</span> <span class='ocrx_word' id='word_1_140' title='bbox 439 2341 558 2399; x_wconf 89' lang='lat' dir='ltr'>miseros</span> <span class='ocrx_word' id='word_1_141' title='bbox 574 2341 735 2400; x_wconf 90' lang='lat' dir='ltr'>adduxerat</span> <span class='ocrx_word' id='word_1_142' title='bbox 751 2353 837 2413; x_wconf 71' lang='lat' dir='ltr'>artus</span> 
     </span>
     <span class='ocr_line' id='line_1_22' title="bbox 126 2436 898 2515; baseline 0.004 -21"><span class='ocrx_word' id='word_1_143' title='bbox 126 2456 225 2494; x_wconf 91' lang='lat' dir='ltr'>rursus</span> <span class='ocrx_word' id='word_1_144' title='bbox 240 2436 406 2496; x_wconf 88' lang='lat' dir='ltr'>abundabat</span> <span class='ocrx_word' id='word_1_145' title='bbox 421 2437 526 2496; x_wconf 89' lang='lat' dir='ltr'>fluidus</span> <span class='ocrx_word' id='word_1_146' title='bbox 541 2438 636 2514; x_wconf 91' lang='lat' dir='ltr'>liquor</span> <span class='ocrx_word' id='word_1_147' title='bbox 650 2441 807 2515; x_wconf 91' lang='lat' dir='ltr'>omniaque</span> <span class='ocrx_word' id='word_1_148' title='bbox 824 2441 852 2499; x_wconf 93' lang='lat' dir='ltr'>in</span> <span class='ocrx_word' id='word_1_149' title='bbox 867 2460 898 2498; x_wconf 91' lang='lat' dir='ltr'>se</span> 
     </span>
     <span class='ocr_line' id='line_1_23' title="bbox 128 2535 802 2612; baseline 0.004 -20"><span class='ocrx_word' id='word_1_150' title='bbox 128 2554 195 2592; x_wconf 92' lang='lat' dir='ltr'>ossa</span> <span class='ocrx_word' id='word_1_151' title='bbox 209 2535 375 2593; x_wconf 88' lang='lat' dir='ltr'>minutatim</span> <span class='ocrx_word' id='word_1_152' title='bbox 389 2537 493 2594; x_wconf 93' lang='lat' dir='ltr'>morbo</span> <span class='ocrx_word' id='word_1_153' title='bbox 508 2536 648 2612; x_wconf 86' lang='lat' dir='ltr'>conlapsa</span> <span class='ocrx_word' id='word_1_154' title='bbox 662 2538 802 2596; x_wconf 89' lang='lat' dir='ltr'>trahebat.</span> 
     </span>
     <span class='ocr_line' id='line_1_24' title="bbox 128 2633 976 2708; baseline 0.006 -19"><span class='ocrx_word' id='word_1_155' title='bbox 128 2633 223 2706; x_wconf 90' lang='lat' dir='ltr'>Saepe</span> <span class='ocrx_word' id='word_1_156' title='bbox 238 2633 268 2690; x_wconf 92' lang='lat' dir='ltr'>in</span> <span class='ocrx_word' id='word_1_157' title='bbox 283 2633 393 2691; x_wconf 92' lang='lat' dir='ltr'>honore</span> <span class='ocrx_word' id='word_1_158' title='bbox 410 2633 499 2692; x_wconf 92' lang='lat' dir='ltr'>deum</span> <span class='ocrx_word' id='word_1_159' title='bbox 516 2635 616 2693; x_wconf 91' lang='lat' dir='ltr'>medio</span> <span class='ocrx_word' id='word_1_160' title='bbox 631 2645 711 2692; x_wconf 89' lang='lat' dir='ltr'>stans</span> <span class='ocrx_word' id='word_1_161' title='bbox 727 2636 822 2693; x_wconf 90' lang='lat' dir='ltr'>hostia</span> <span class='ocrx_word' id='word_1_162' title='bbox 835 2636 873 2694; x_wconf 91' lang='lat' dir='ltr'>ad</span> <span class='ocrx_word' id='word_1_163' title='bbox 888 2656 976 2708; x_wconf 91' lang='lat' dir='ltr'>aram,</span> 
     </span>
     <span class='ocr_line' id='line_1_25' title="bbox 127 2729 806 2810; baseline 0.003 -22"><span class='ocrx_word' id='word_1_164' title='bbox 127 2732 213 2810; x_wconf 84' lang='lat' dir='ltr'>lanea</span> <span class='ocrx_word' id='word_1_165' title='bbox 227 2729 298 2788; x_wconf 92' lang='lat' dir='ltr'>dum</span> <span class='ocrx_word' id='word_1_166' title='bbox 313 2732 399 2790; x_wconf 88' lang='lat' dir='ltr'>nivea</span> <span class='ocrx_word' id='word_1_167' title='bbox 413 2731 611 2790; x_wconf 86' lang='lat' dir='ltr'>circumdatur</span> <span class='ocrx_word' id='word_1_168' title='bbox 625 2733 714 2790; x_wconf 85' lang='lat' dir='ltr'>insula</span> <span class='ocrx_word' id='word_1_169' title='bbox 729 2735 806 2804; x_wconf 90' lang='lat' dir='ltr'>vitta,</span> 
     </span>
     <span class='ocr_line' id='line_1_26' title="bbox 126 2829 861 2890; baseline 0.007 -5"><span class='ocrx_word' id='word_1_170' title='bbox 126 2829 203 2886; x_wconf 91' lang='lat' dir='ltr'>inter</span> <span class='ocrx_word' id='word_1_171' title='bbox 217 2830 381 2887; x_wconf 90' lang='lat' dir='ltr'>cunctantis</span> <span class='ocrx_word' id='word_1_172' title='bbox 396 2829 504 2888; x_wconf 88' lang='lat' dir='ltr'>cecidit</span> <span class='ocrx_word' id='word_1_173' title='bbox 518 2829 693 2888; x_wconf 91' lang='lat' dir='ltr'>moribunda</span> <span class='ocrx_word' id='word_1_174' title='bbox 707 2832 861 2890; x_wconf 84' lang='lat' dir='ltr'>ministros</span> 
     </span>
     <span class='ocr_line' id='line_1_27' title="bbox 126 2927 837 3000; baseline 0.004 -17"><span class='ocrx_word' id='word_1_175' title='bbox 126 2929 187 2984; x_wconf 92' lang='lat' dir='ltr'>Aut</span> <span class='ocrx_word' id='word_1_176' title='bbox 200 2927 313 3000; x_wconf 90' lang='lat' dir='ltr'>siquam</span> <span class='ocrx_word' id='word_1_177' title='bbox 327 2928 402 2984; x_wconf 86' lang='lat' dir='ltr'>ferro</span> <span class='ocrx_word' id='word_1_178' title='bbox 417 2937 594 2985; x_wconf 86' lang='lat' dir='ltr'>mactaverat</span> <span class='ocrx_word' id='word_1_179' title='bbox 608 2938 675 2985; x_wconf 92' lang='lat' dir='ltr'>ante</span> <span class='ocrx_word' id='word_1_180' title='bbox 690 2928 837 2998; x_wconf 90' lang='lat' dir='ltr'>sacerdos,</span> 
     </span>
     <span class='ocr_line' id='line_1_28' title="bbox 126 3022 797 3099; baseline 0.004 -19"><span class='ocrx_word' id='word_1_181' title='bbox 126 3022 197 3080; x_wconf 91' lang='lat' dir='ltr'>inde</span> <span class='ocrx_word' id='word_1_182' title='bbox 212 3042 308 3098; x_wconf 91' lang='lat' dir='ltr'>neque</span> <span class='ocrx_word' id='word_1_183' title='bbox 323 3024 465 3099; x_wconf 92' lang='lat' dir='ltr'>impositis</span> <span class='ocrx_word' id='word_1_184' title='bbox 480 3023 582 3082; x_wconf 91' lang='lat' dir='ltr'>ardent</span> <span class='ocrx_word' id='word_1_185' title='bbox 597 3026 696 3083; x_wconf 92' lang='lat' dir='ltr'>altaria</span> <span class='ocrx_word' id='word_1_186' title='bbox 709 3026 797 3097; x_wconf 90' lang='lat' dir='ltr'>fibris,</span> 
     </span>
     <span class='ocr_line' id='line_1_29' title="bbox 126 3122 856 3196; baseline 0.007 -19"><span class='ocrx_word' id='word_1_187' title='bbox 126 3139 184 3178; x_wconf 92' lang='lat' dir='ltr'>nec</span> <span class='ocrx_word' id='word_1_188' title='bbox 198 3139 339 3195; x_wconf 89' lang='lat' dir='ltr'>responsa</span> <span class='ocrx_word' id='word_1_189' title='bbox 352 3131 449 3196; x_wconf 88' lang='lat' dir='ltr'>potest</span> <span class='ocrx_word' id='word_1_190' title='bbox 463 3123 613 3180; x_wconf 90' lang='lat' dir='ltr'>consultus</span> <span class='ocrx_word' id='word_1_191' title='bbox 627 3122 751 3181; x_wconf 90' lang='lat' dir='ltr'>reddere</span> <span class='ocrx_word' id='word_1_192' title='bbox 767 3135 856 3196; x_wconf 63' lang='lat' dir='ltr'>vates</span> 
     </span>
    </p>
   </div>
   <div class='ocr_carea' id='block_1_3' title="bbox 125 3218 942 3882">
    <p class='ocr_par' dir='ltr' id='par_1_3' title="bbox 126 3218 796 3390">
     <span class='ocr_line' id='line_1_30' title="bbox 126 3218 796 3295; baseline 0.004 -19"><span class='ocrx_word' id='word_1_193' title='bbox 126 3236 163 3276; x_wconf 87' lang='lat' dir='ltr'>ac</span> <span class='ocrx_word' id='word_1_194' title='bbox 177 3219 225 3274; x_wconf 93' lang='lat' dir='ltr'>vix</span> <span class='ocrx_word' id='word_1_195' title='bbox 238 3218 381 3294; x_wconf 92' lang='lat' dir='ltr'>suppositi</span> <span class='ocrx_word' id='word_1_196' title='bbox 395 3219 544 3294; x_wconf 84' lang='lat' dir='ltr'>tinguntur</span> <span class='ocrx_word' id='word_1_197' title='bbox 558 3221 699 3295; x_wconf 88' lang='lat' dir='ltr'>sanguine</span> <span class='ocrx_word' id='word_1_198' title='bbox 714 3223 796 3279; x_wconf 90' lang='lat' dir='ltr'>cultri</span> 
     </span>
     <span class='ocr_line' id='line_1_31' title="bbox 126 3299 795 3390; baseline 0.004 -17"><span class='ocrx_word' id='word_1_199' title='bbox 126 3334 300 3390; x_wconf 91' lang='lat' dir='ltr'>summaque</span> <span class='ocrx_word' id='word_1_200' title='bbox 315 3317 413 3373; x_wconf 87' lang='lat' dir='ltr'>ieiuna</span> <span class='ocrx_word' id='word_1_201' title='bbox 427 3316 508 3374; x_wconf 91' lang='lat' dir='ltr'>sanie</span> <span class='ocrx_word' id='word_1_202' title='bbox 523 3299 683 3375; x_wconf 79' lang='lat' dir='ltr'>infuscatur</span> <span class='ocrx_word' id='word_1_203' title='bbox 696 3338 795 3376; x_wconf 90' lang='lat' dir='ltr'>arena.</span> 
     </span>
    </p>

    <p class='ocr_par' dir='ltr' id='par_1_4' title="bbox 127 3412 842 3489">
     <span class='ocr_line' id='line_1_32' title="bbox 127 3412 842 3489; baseline 0.007 -19"><span class='ocrx_word' id='word_1_204' title='bbox 127 3413 210 3471; x_wconf 91' lang='lat' dir='ltr'>Hinc</span> <span class='ocrx_word' id='word_1_205' title='bbox 224 3413 306 3471; x_wconf 89' lang='lat' dir='ltr'>laetis</span> <span class='ocrx_word' id='word_1_206' title='bbox 321 3413 400 3470; x_wconf 89' lang='lat' dir='ltr'>vituli</span> <span class='ocrx_word' id='word_1_207' title='bbox 414 3412 501 3489; x_wconf 86' lang='lat' dir='ltr'>volgo</span> <span class='ocrx_word' id='word_1_208' title='bbox 516 3416 678 3473; x_wconf 89' lang='lat' dir='ltr'>moriuntur</span> <span class='ocrx_word' id='word_1_209' title='bbox 692 3417 722 3474; x_wconf 93' lang='lat' dir='ltr'>in</span> <span class='ocrx_word' id='word_1_210' title='bbox 736 3417 842 3488; x_wconf 87' lang='lat' dir='ltr'>herbis,</span> 
     </span>
    </p>

    <p class='ocr_par' dir='ltr' id='par_1_5' title="bbox 125 3510 942 3882">
     <span class='ocr_line' id='line_1_33' title="bbox 126 3510 876 3589; baseline 0.005 -20"><span class='ocrx_word' id='word_1_211' title='bbox 126 3521 157 3569; x_wconf 88' lang='lat' dir='ltr'>et</span> <span class='ocrx_word' id='word_1_212' title='bbox 171 3510 264 3568; x_wconf 93' lang='lat' dir='ltr'>dulcis</span> <span class='ocrx_word' id='word_1_213' title='bbox 278 3511 388 3568; x_wconf 86' lang='lat' dir='ltr'>animas</span> <span class='ocrx_word' id='word_1_214' title='bbox 407 3513 496 3586; x_wconf 91' lang='lat' dir='ltr'>plena</span> <span class='ocrx_word' id='word_1_215' title='bbox 509 3512 548 3570; x_wconf 89' lang='lat' dir='ltr'>ad</span> <span class='ocrx_word' id='word_1_216' title='bbox 562 3515 715 3589; x_wconf 90' lang='lat' dir='ltr'>praesepia</span> <span class='ocrx_word' id='word_1_217' title='bbox 728 3515 856 3573; x_wconf 91' lang='lat' dir='ltr'>reddunt</span> <span class='ocrx_word' id='word_1_218' title='bbox 869 3538 876 3587; x_wconf 88' lang='lat'>;</span> 
     </span>
     <span class='ocr_line' id='line_1_34' title="bbox 126 3608 942 3689; baseline 0.007 -23"><span class='ocrx_word' id='word_1_219' title='bbox 126 3608 196 3666; x_wconf 91' lang='lat' dir='ltr'>hinc</span> <span class='ocrx_word' id='word_1_220' title='bbox 211 3608 332 3666; x_wconf 90' lang='lat' dir='ltr'>canibus</span> <span class='ocrx_word' id='word_1_221' title='bbox 346 3608 461 3666; x_wconf 91' lang='lat' dir='ltr'>blandis</span> <span class='ocrx_word' id='word_1_222' title='bbox 477 3611 570 3667; x_wconf 93' lang='lat' dir='ltr'>rabies</span> <span class='ocrx_word' id='word_1_223' title='bbox 585 3611 672 3682; x_wconf 90' lang='lat' dir='ltr'>venit,</span> <span class='ocrx_word' id='word_1_224' title='bbox 689 3622 718 3669; x_wconf 91' lang='lat' dir='ltr'>et</span> <span class='ocrx_word' id='word_1_225' title='bbox 733 3614 826 3687; x_wconf 92' lang='lat' dir='ltr'>quatit</span> <span class='ocrx_word' id='word_1_226' title='bbox 840 3633 942 3689; x_wconf 87' lang='lat' dir='ltr'>aegros</span> 
     </span>
     <span class='ocr_line' id='line_1_35' title="bbox 125 3705 824 3784; baseline 0.006 -20"><span class='ocrx_word' id='word_1_227' title='bbox 125 3705 212 3764; x_wconf 93' lang='lat' dir='ltr'>tussis</span> <span class='ocrx_word' id='word_1_228' title='bbox 227 3706 332 3763; x_wconf 90' lang='lat' dir='ltr'>anhela</span> <span class='ocrx_word' id='word_1_229' title='bbox 346 3725 411 3764; x_wconf 93' lang='lat' dir='ltr'>sues</span> <span class='ocrx_word' id='word_1_230' title='bbox 427 3726 462 3764; x_wconf 89' lang='lat' dir='ltr'>ac</span> <span class='ocrx_word' id='word_1_231' title='bbox 476 3708 608 3766; x_wconf 86' lang='lat' dir='ltr'>faucibus</span> <span class='ocrx_word' id='word_1_232' title='bbox 623 3709 703 3784; x_wconf 86' lang='lat' dir='ltr'>angit</span> <span class='ocrx_word' id='word_1_233' title='bbox 717 3711 824 3768; x_wconf 91' lang='lat' dir='ltr'>obesis.</span> 
     </span>
     <span class='ocr_line' id='line_1_36' title="bbox 126 3802 927 3882; baseline 0.005 -19"><span class='ocrx_word' id='word_1_234' title='bbox 126 3804 246 3863; x_wconf 91' lang='lat' dir='ltr'>Labitur</span> <span class='ocrx_word' id='word_1_235' title='bbox 259 3802 358 3861; x_wconf 88' lang='lat' dir='ltr'>infelix</span> <span class='ocrx_word' id='word_1_236' title='bbox 372 3804 535 3864; x_wconf 91' lang='lat' dir='ltr'>studiorum</span> <span class='ocrx_word' id='word_1_237' title='bbox 548 3817 636 3882; x_wconf 90' lang='lat' dir='ltr'>atque</span> <span class='ocrx_word' id='word_1_238' title='bbox 651 3807 807 3867; x_wconf 90' lang='lat' dir='ltr'>immemor</span> <span class='ocrx_word' id='word_1_239' title='bbox 820 3808 927 3867; x_wconf 89' lang='lat' dir='ltr'>herbae</span> 
     </span>
    </p>
   </div>
   <div class='ocr_carea' id='block_1_4' title="bbox 0 0 1376 4284">
    <p class='ocr_par' dir='ltr' id='par_1_6' title="bbox 0 0 1376 4284">
     <span class='ocr_line' id='line_1_37' title="bbox 0 0 1376 4284; baseline 0 2"><span class='ocrx_word' id='word_1_240' title='bbox 0 0 1376 4284; x_wconf 95' lang='lat' dir='ltr'> </span> 
     </span>
    </p>
   </div>
  </div>
 </body>
</html>
