2742 4284
215 347 253 413 16
470 345 633 408 Ascanius
656 346 694 408 K
694 345 749 407 ilis
770 367 791 406 a
815 345 880 406 Pet
903 345 995 426 Stag.

211 533 357 592 nutribant
376 532 561 608 Tyrrhusque
577 541 667 606 pater,
684 531 732 588 cui
746 531 825 604 regia
839 538 941 604 parent

210 642 341 690 armenta
357 641 386 688 et
404 630 460 687 late
476 629 611 688 custodia
625 628 737 687 credita
751 629 856 701 campi.
935 639 939 644 ’

210 729 374 788 Adsuetum
393 728 520 802 imperiis
536 747 617 785 soror
632 728 713 784 omni
728 726 813 785 Silvia
826 744 895 782 cura

210 827 345 886 mollibus
364 828 495 884 intexens
513 825 634 882 ornabat
649 842 760 881 cornua
774 825 854 880 sertis

211 927 406 1000 pectebatque
423 924 516 980 serum
534 940 666 996 puroque
681 923 710 978 in
727 922 805 978 fonte
820 922 941 980 lavabat.

211 1025 272 1094 Ille,
289 1042 408 1080 manum
425 1023 538 1096 patiens
559 1036 736 1092 mensaeque
752 1018 888 1076 adsuetus
904 1020 973 1090 erili,

210 1122 323 1178 errabat
337 1121 413 1177 silvis
430 1137 583 1194 rursusque
603 1116 640 1173 ad
656 1115 754 1172 limina
770 1125 839 1172 uota

211 1219 272 1292 ipse
288 1216 410 1274 domum
426 1235 490 1274 sera
510 1216 642 1290 quamvis
658 1232 689 1270 se
704 1223 791 1269 nocte
806 1213 924 1271 ferebat.

214 1317 303 1372 Hunc
319 1315 420 1389 procul
437 1324 581 1371 errantem
601 1311 719 1371 rabidae
735 1311 865 1368 venantis
880 1312 935 1368 Iuli

212 1431 397 1471 commovere
414 1431 511 1483 canes,
529 1412 616 1469 fluvio
633 1431 701 1468 cum
717 1412 789 1469 sorte
804 1410 936 1468 secundo
971 1443 977 1455 ·

212 1511 350 1568 deflueret
365 1512 486 1585 ripaque
506 1521 602 1568 aestus
620 1509 762 1566 viridante
777 1509 893 1566 levaret.

213 1611 280 1683 Ipse
296 1609 392 1677 etiam,
412 1609 534 1666 eximiae
553 1607 646 1666 laudis
664 1626 823 1665 succensus
837 1627 946 1679 amore,

212 1707 353 1763 Ascanius
369 1724 458 1762 curvo
473 1705 577 1763 direxit
592 1707 704 1780 spicula
719 1720 830 1774 eomu;

212 1823 267 1861 nec
283 1804 401 1860 dextrae
421 1803 528 1860 erranti
543 1803 616 1860 deus
634 1804 713 1873 afuit,
730 1815 853 1878 actaque
869 1806 959 1869 multo

212 1920 322 1976 perque
338 1911 451 1958 uterum
469 1903 564 1959 sonitu
582 1920 692 1976 perque
711 1903 758 1959 ilia
772 1905 850 1960 venit
865 1902 1005 1960 lrarund0.

212 2001 330 2059 Saucius
345 2009 374 2057 at
391 2001 557 2075 quadrupes
574 2011 643 2057 uota
659 2001 734 2056 intra
752 2011 831 2058 tecta
845 2001 948 2076 refugit

212 2098 410 2172 successitque
428 2115 549 2172 gemens
568 2099 688 2156 stabulis
705 2109 868 2174 questuque
884 2109 1020 2156 cruentus

114 2194 126 2206 '
212 2207 298 2271 atque
314 2195 479 2270 imploranti
498 2197 597 2254 similis
614 2206 724 2254 tectum
739 2217 828 2256 omue
842 2197 981 2272 replebat.

213 2293 297 2352 Silvia
312 2295 404 2368 prima
418 2312 507 2364 soror,
531 2296 633 2369 palmis
649 2313 787 2369 percussa
802 2297 933 2365 lacertos,

214 2391 351 2449 auxilium
367 2401 451 2448 vocat
469 2402 497 2448 et
514 2393 601 2448 duros
620 2394 785 2450 conclamat
800 2394 927 2468 agrestis.

213 2490 280 2559 Olli,
296 2491 383 2564 pestis
401 2490 479 2546 enim
497 2489 591 2546 tacitis
608 2491 677 2548 latet
693 2509 795 2566 aspera
809 2492 892 2560 silvis

213 2588 348 2661 inprovisi
363 2587 477 2656 adsunt,
495 2587 542 2644 hic
561 2599 635 2645 torre
652 2599 777 2646 armatus
792 2589 906 2657 obusto

213 2685 316 2758 stipitis
332 2685 378 2740 hic
394 2684 505 2759 gravidi
525 2685 629 2743 nodis:
654 2686 735 2761 quod
752 2687 857 2761 cuique
872 2696 1019 2761 repertum

212 2783 336 2851 rimanti,
353 2783 442 2838 telum
458 2783 498 2838 ira
514 2774 601 2839 sacits
638 2785 734 2840 Vocat
748 2785 865 2858 agmina
878 2783 1015 2857 Tyrrhus,

213 2879 407 2955 quadrifidam
424 2897 565 2954 quereum
586 2882 686 2938 cuneis
702 2892 733 2938 ut
748 2882 819 2938 forte
834 2881 945 2938 coactis

213 2977 375 3048 scindebat,
390 2986 472 3052 rapta
490 2979 600 3053 spirans
618 2979 745 3036 immane
760 2979 861 3036 securi.

214 3079 250 3133 At
266 3094 381 3133 saevae
397 3076 522 3151 speculis
543 3085 659 3151 tempus
676 3078 733 3135 dea
748 3087 834 3134 nacta
848 3076 977 3134 nocendi

214 3174 305 3231 ardua
320 3185 397 3231 tecta
412 3176 485 3249 petit
504 3176 608 3233 stabuli
625 3186 654 3232 et
669 3175 708 3232 de
725 3176 851 3233 culmine
866 3186 992 3232 summo·

215 3273 358 3346 pastorale
374 3274 451 3330 canit
470 3275 584 3348 signum
601 3292 751 3347 cornuque
766 3291 886 3331 recurvo

215 3373 381 3428 Tartaream
399 3372 526 3430 intendit
543 3390 656 3441 vocem,
672 3391 729 3447 qua
745 3372 876 3446 protinus
890 3390 979 3427 omne

216 3471 390 3527 contremuit
407 3490 510 3528 nemus
527 3480 555 3528 et
572 3471 658 3527 silvae
675 3471 831 3526 insonuere
845 3467 1028 3543 profundae;

216 3566 306 3624 audiit
322 3579 351 3625 et
367 3569 479 3627 Triviae
498 3570 584 3644 longe
600 3569 689 3637 lacus,
705 3567 796 3624 audiit
810 3567 903 3623 amnis

216 3665 340 3723 sulfurea
358 3667 419 3723 Nar
434 3667 515 3725 albus
531 3685 606 3741 aqua
621 3666 773 3739 fontesque
787 3664 892 3733 Velini,

218 3774 247 3820 et
263 3763 393 3838 trepidae
411 3775 516 3821 matres
531 3782 660 3838 pressere
676 3762 714 3819 ad
729 3773 849 3837 pectora
863 3773 967 3820 natos(

437 3891 471 3924 486
488 3893 609 3948 Tyrrhus.
626 3891 682 3935 Eds,
875 3890 908 3922 5¹1
919 3897 1011 3934 nancta.
1028 3891 1056 3936 R.
