2742 4284
172 335 229 414 198
450 331 532 397 Care
553 333 595 414 of
613 331 705 395 Sires
728 332 802 393 and
818 331 934 393 Dams.
1061 338 1219 402 [croamcs.

166 519 243 576 Talis
259 518 407 593 Amyclaei
423 518 551 576 domitus
568 517 694 575 Pollucis
708 516 828 575 habenis

167 616 294 691 Cyllarus
310 625 348 687 et,
364 634 487 690 quorum
503 615 573 674 Grai
587 615 746 673 meminere
761 623 877 690 poetae,

167 715 268 773 Martis
283 715 351 789 equi
365 715 476 790 biiuges
492 723 521 771 et
537 713 634 788 magni
650 732 749 771 currus
765 712 895 770 Achillei.

164 812 242 871 Talis
257 821 286 868 et
300 812 362 886 ipse
378 812 476 870 iubam
493 812 605 868 cervice
622 810 744 868 effundit
759 811 866 885 equina

165 911 296 984 coniugis
311 909 438 967 adventu
454 909 557 984 pernix
572 909 719 978 Saturnus,
735 918 764 964 et
778 909 867 965 altum

165 1008 266 1065 Pelion
280 1007 392 1065 hinnitu
407 1008 520 1082 fugiens
537 1007 666 1080 implevit
681 1015 778 1063 acuto.

206 1109 296 1164 Hunc
312 1124 438 1180 quoque,
449 1105 499 1163 ubi
514 1115 563 1161 aut
580 1104 683 1162 morbo
699 1105 791 1177 gravis
805 1112 854 1161 aut
865 1104 923 1160 iarn
934 1103 1052 1178 segnior
1060 1103 1144 1159 annis
1188 1113 1218 1157 95

165 1203 272 1274 deficit,
288 1203 364 1260 abde
379 1202 479 1273 domo,
495 1219 551 1259 nec
566 1202 641 1276 turpi
658 1202 778 1276 ignosce
792 1211 938 1272 senectae,

163 1301 282 1375 frigidus
297 1301 326 1358 in
341 1301 486 1358 Venerem
501 1300 606 1370 senior,
622 1300 782 1378 frustraque
797 1299 926 1356 laborem

164 1400 305 1474 ingratum
321 1399 415 1469 trahit,
431 1409 460 1456 et
474 1396 619 1472 siquando
634 1396 672 1455 ad
686 1397 797 1472 proelia
810 1407 929 1454 ventum
943 1406 996 1467 est,

164 1507 194 1553 ut
208 1496 358 1571 quondam
373 1499 403 1553 in
417 1496 528 1571 stipulis
542 1513 666 1570 magnus
681 1495 744 1551 sine
759 1494 866 1552 viribus
879 1494 953 1569 ignis

164 1596 308 1651 incassum
323 1595 397 1651 furit.
441 1595 518 1668 Ergo
533 1593 646 1650 animos
661 1609 824 1666 aevumque
839 1591 953 1649 notabis

72 1685 73 1688 '
164 1693 339 1766 praecipue3
362 1691 429 1748 hinc
444 1692 512 1748 alias
527 1691 594 1747 artis
609 1691 781 1765 prolemque
796 1700 959 1764 parentum,

163 1798 192 1845 et
207 1789 270 1862 quis
286 1789 390 1863 cuique
405 1788 489 1846 dolor
503 1789 590 1858 victo,
607 1805 682 1862 quae
699 1787 789 1862 gloria
803 1789 927 1862 palmae.
1000 1805 1003 1809 ·

164 1887 271 1944 Nonne
287 1886 376 1957 vides,
392 1906 459 1944 cum
474 1886 625 1961 praecipiti
641 1886 799 1942 certamine
814 1903 953 1961 campum

163 1985 336 2058 corripuere,
352 1994 495 2058 ruuntque
512 1983 594 2040 effusi
610 2000 727 2040 carcere
743 2001 852 2054 currus,

163 2100 230 2138 curn
246 2100 312 2156 spes
328 2092 455 2139 arrectae
472 2083 618 2152 iuvenum,
635 2081 865 2155 exsultantiaque
880 2080 973 2138 haurit

162 2178 253 2236 corda
267 2197 357 2254 pavor
370 2181 508 2254 pulsans?
539 2180 582 2237 Illi
598 2180 707 2236 instant
722 2179 840 2237 verbere
856 2189 933 2237 torto

162 2286 191 2334 et
205 2278 290 2351 proni
305 2277 375 2334 dant
389 2277 458 2348 lora,
475 2277 551 2334 volat
566 2278 594 2334 vi
609 2277 736 2335 fervidus
751 2278 811 2334 axis
823 2299 832 2348 ;

162 2375 277 2448 iamque
293 2375 423 2445 humiles,
440 2375 555 2448 iamque
571 2375 637 2431 elati
653 2375 776 2433 sublime
790 2374 924 2433 videntur

161 2473 228 2530 aera
241 2492 293 2547 per
306 2492 430 2531 vacuum
445 2473 510 2530 ferri
525 2482 612 2546 atque
627 2472 783 2550 adsurgere
798 2473 828 2530 in
843 2492 947 2544 auras;

142 2579 145 2583 '
161 2589 216 2627 nec
231 2590 313 2627 mora
327 2590 383 2628 nee
397 2571 532 2645 requies3
554 2581 582 2626 at
597 2571 690 2627 fulvae
706 2571 821 2629 nimbus
835 2589 940 2628 arenae

85 2711 96 2730 .
161 2670 274 2740 tollitur,
290 2679 445 2726 umescunt
460 2669 570 2744 spumis
586 2667 713 2743 flatuque
729 2678 922 2743 sequentum:

161 2776 255 2824 tantus
270 2786 352 2824 amor
366 2766 495 2837 laudum,
513 2775 610 2824 tantae
625 2778 670 2823 est
684 2767 804 2824 victoria
818 2785 914 2824 curae.

161 2864 271 2921 Primus
286 2864 493 2921 Erichthonius
509 2883 606 2921 currus
622 2876 651 2922 et
667 2874 804 2939 quattuor
817 2883 902 2922 ausus

119 3015 121 3021 A
159 2961 277 3036 iungere
293 2980 385 3036 equos
399 2961 576 3036 rapidusque
593 2963 661 3020 rotis
676 2964 807 3021 insistere
821 2963 921 3020 victor.

160 3060 255 3116 Frena
270 3059 443 3116 Pelethronii
460 3060 601 3133 Lapithae
616 3078 760 3134 gyrosque
775 3059 885 3117 dedere

159 3156 286 3230 impositi
301 3156 398 3227 dorso,
413 3167 501 3230 atque
518 3157 646 3231 equitem
662 3157 791 3215 docuere
807 3159 861 3214 sub
875 3158 960 3216 armis

159 3254 293 3311 insultare
308 3254 370 3311 solo
386 3264 415 3311 et
429 3273 543 3329 gressus
559 3255 719 3329 glomerare
734 3257 883 3330 superbos

159 3355 277 3425 Aequus
291 3362 413 3426 uterque
428 3352 517 3423 labor,
534 3371 627 3426 aeque
644 3353 838 3427 iuvenemque
855 3353 981 3427 magistri

157 3450 311 3524 exquirunt
326 3451 511 3526 calidumque
526 3452 628 3509 animis
644 3462 673 3508 et
689 3452 820 3510 cursibus
834 3470 952 3523 acrem3

157 3550 288 3623 quamvis
303 3567 391 3624 saepe
407 3550 475 3625 luga
488 3567 586 3607 versos
603 3551 648 3608 ille
665 3551 754 3626 egerit
770 3551 869 3621 hostiS,

157 3657 185 3703 et
200 3647 321 3722 patriam
339 3648 461 3723 Epirum
476 3649 580 3705 reserat
594 3649 734 3723 sortisque
751 3650 901 3724 Mycenas,

157 3746 347 3820 Neptunique
362 3746 426 3820 ipsa
441 3743 569 3803 deducat
585 3747 696 3821 origine
711 3756 839 3820 gentem.

299 3875 365 3918 After
374 3875 404 3931 96
413 3875 497 3919 inserts
510 3887 615 3921 rao-122.
632 3877 659 3920 R.
809 3889 907 3920 rao-122
917 3876 976 3919 alter
985 3876 1020 3931 96.
1039 3875 1066 3922 R.
