<?xml version="1.0" encoding="UTF-8"?>
<!DOCTYPE html PUBLIC "-//W3C//DTD XHTML 1.0 Transitional//EN"
    "http://www.w3.org/TR/xhtml1/DTD/xhtml1-transitional.dtd">
<html xmlns="http://www.w3.org/1999/xhtml" xml:lang="en" lang="en">
 <head>
  <title>
</title>
<meta http-equiv="Content-Type" content="text/html;charset=utf-8" />
  <meta name='ocr-system' content='tesseract 3.04.00' />
  <meta name='ocr-capabilities' content='ocr_page ocr_carea ocr_par ocr_line ocrx_word'/>
</head>
<body>
  <div class='ocr_page' id='page_1' title='image "./greaterpoemsvir03virggoog_0146.png"; bbox 0 0 2742 4284; ppageno 0'>
   <div class='ocr_carea' id='block_1_1' title="bbox 141 299 1189 383">
    <p class='ocr_par' dir='ltr' id='par_1_1' title="bbox 141 299 1189 383">
     <span class='ocr_line' id='line_1_1' title="bbox 141 299 1189 383; baseline -0.001 -21"><span class='ocrx_word' id='word_1_1' title='bbox 141 317 201 378; x_wconf 88' lang='lat'><strong>140</strong></span> <span class='ocrx_word' id='word_1_2' title='bbox 352 299 482 362; x_wconf 75' lang='lat' dir='ltr'><strong>Turnus</strong></span> <span class='ocrx_word' id='word_1_3' title='bbox 506 301 618 382; x_wconf 81' lang='lat' dir='ltr'><strong>Rages</strong></span> <span class='ocrx_word' id='word_1_4' title='bbox 642 300 782 383; x_wconf 78' lang='lat' dir='ltr'><em>through</em></span> <span class='ocrx_word' id='word_1_5' title='bbox 806 301 860 363; x_wconf 79' lang='lat' dir='ltr'><strong>tlte</strong></span> <span class='ocrx_word' id='word_1_6' title='bbox 883 301 985 364; x_wconf 82' lang='lat' dir='ltr'><strong>Field.</strong></span> <span class='ocrx_word' id='word_1_7' title='bbox 1067 311 1189 374; x_wconf 80' lang='lat' dir='ltr'><strong>[AEumo.</strong></span> 
     </span>
    </p>
   </div>
   <div class='ocr_carea' id='block_1_2' title="bbox 135 484 871 562">
    <p class='ocr_par' dir='ltr' id='par_1_2' title="bbox 135 484 871 562">
     <span class='ocr_line' id='line_1_2' title="bbox 135 484 871 562; baseline 0 -19"><span class='ocrx_word' id='word_1_8' title='bbox 135 487 258 560; x_wconf 87' lang='lat' dir='ltr'>Iraeque</span> <span class='ocrx_word' id='word_1_9' title='bbox 275 484 471 560; x_wconf 86' lang='lat' dir='ltr'>Insidiaeque,</span> <span class='ocrx_word' id='word_1_10' title='bbox 487 484 536 542; x_wconf 92' lang='lat' dir='ltr'><strong>dei</strong></span> <span class='ocrx_word' id='word_1_11' title='bbox 550 485 715 557; x_wconf 84' lang='lat' dir='ltr'><strong>comitatus,</strong></span> <span class='ocrx_word' id='word_1_12' title='bbox 730 495 871 562; x_wconf 87' lang='lat' dir='ltr'><strong>aguntur:</strong></span> 
     </span>
    </p>
   </div>
   <div class='ocr_carea' id='block_1_3' title="bbox 97 582 1188 3788">
    <p class='ocr_par' dir='ltr' id='par_1_3' title="bbox 135 582 869 659">
     <span class='ocr_line' id='line_1_3' title="bbox 135 582 869 659; baseline 0.001 -19"><span class='ocrx_word' id='word_1_13' title='bbox 135 582 197 640; x_wconf 88' lang='lat' dir='ltr'><strong>talis</strong></span> <span class='ocrx_word' id='word_1_14' title='bbox 213 600 304 659; x_wconf 90' lang='lat' dir='ltr'><strong>equos</strong></span> <span class='ocrx_word' id='word_1_15' title='bbox 319 583 414 642; x_wconf 82' lang='lat' dir='ltr'>alacer</span> <span class='ocrx_word' id='word_1_16' title='bbox 428 582 525 640; x_wconf 90' lang='lat' dir='ltr'><strong>media</strong></span> <span class='ocrx_word' id='word_1_17' title='bbox 541 583 615 640; x_wconf 92' lang='lat' dir='ltr'><strong>inter</strong></span> <span class='ocrx_word' id='word_1_18' title='bbox 628 584 740 658; x_wconf 88' lang='lat' dir='ltr'><strong>proelia</strong></span> <span class='ocrx_word' id='word_1_19' title='bbox 753 585 869 641; x_wconf 93' lang='lat' dir='ltr'><strong>Turnus</strong></span> 
     </span>
    </p>

    <p class='ocr_par' dir='ltr' id='par_1_4' title="bbox 135 680 795 755">
     <span class='ocr_line' id='line_1_4' title="bbox 135 680 795 755; baseline 0 -17"><span class='ocrx_word' id='word_1_20' title='bbox 135 681 273 739; x_wconf 80' lang='lat' dir='ltr'><strong>fumantis</strong></span> <span class='ocrx_word' id='word_1_21' title='bbox 287 680 394 738; x_wconf 88' lang='lat' dir='ltr'><strong>sudore</strong></span> <span class='ocrx_word' id='word_1_22' title='bbox 408 681 510 755; x_wconf 91' lang='lat' dir='ltr'><strong>quatit,</strong></span> <span class='ocrx_word' id='word_1_23' title='bbox 525 681 687 739; x_wconf 86' lang='lat' dir='ltr'><strong>miserabile</strong></span> <span class='ocrx_word' id='word_1_24' title='bbox 703 681 795 739; x_wconf 90' lang='lat' dir='ltr'><strong>caesis</strong></span> 
     </span>
    </p>

    <p class='ocr_par' dir='ltr' id='par_1_5' title="bbox 135 778 1188 1343">
     <span class='ocr_line' id='line_1_5' title="bbox 136 778 901 856; baseline 0.001 -21"><span class='ocrx_word' id='word_1_25' title='bbox 136 778 265 837; x_wconf 89' lang='lat' dir='ltr'>hostibus</span> <span class='ocrx_word' id='word_1_26' title='bbox 279 778 438 850; x_wconf 77' lang='lat' dir='ltr'><strong>insultans3</strong></span> <span class='ocrx_word' id='word_1_27' title='bbox 461 780 569 856; x_wconf 89' lang='lat' dir='ltr'>spargit</span> <span class='ocrx_word' id='word_1_28' title='bbox 583 779 685 854; x_wconf 90' lang='lat' dir='ltr'><strong>rapida</strong></span> <span class='ocrx_word' id='word_1_29' title='bbox 700 780 808 854; x_wconf 89' lang='lat' dir='ltr'><strong>ungula</strong></span> <span class='ocrx_word' id='word_1_30' title='bbox 822 797 901 837; x_wconf 90' lang='lat' dir='ltr'><strong>rores</strong></span> 
     </span>
     <span class='ocr_line' id='line_1_6' title="bbox 135 875 1188 951; baseline -0.002 -17"><span class='ocrx_word' id='word_1_31' title='bbox 135 875 318 951; x_wconf 86' lang='lat' dir='ltr'><strong>sanguineos,</strong></span> <span class='ocrx_word' id='word_1_32' title='bbox 333 877 480 950; x_wconf 87' lang='lat' dir='ltr'><strong>mixtaque</strong></span> <span class='ocrx_word' id='word_1_33' title='bbox 497 894 581 934; x_wconf 87' lang='lat' dir='ltr'><strong>cruor</strong></span> <span class='ocrx_word' id='word_1_34' title='bbox 595 877 724 938; x_wconf 86' lang='lat' dir='ltr'><strong>calcatur</strong></span> <span class='ocrx_word' id='word_1_35' title='bbox 738 895 835 934; x_wconf 90' lang='lat' dir='ltr'><strong>arena.</strong></span> <span class='ocrx_word' id='word_1_36' title='bbox 1144 888 1188 932; x_wconf 80' lang='lat'><strong>34⁰</strong></span> 
     </span>
     <span class='ocr_line' id='line_1_7' title="bbox 137 973 1141 1050; baseline -0.002 -17"><span class='ocrx_word' id='word_1_37' title='bbox 137 977 259 1048; x_wconf 89' lang='lat' dir='ltr'><strong>Iamque</strong></span> <span class='ocrx_word' id='word_1_38' title='bbox 273 974 339 1031; x_wconf 88' lang='lat' dir='ltr'><strong>neci</strong></span> <span class='ocrx_word' id='word_1_39' title='bbox 354 974 582 1049; x_wconf 88' lang='lat' dir='ltr'><strong>Sthenelumque</strong></span> <span class='ocrx_word' id='word_1_40' title='bbox 598 973 679 1031; x_wconf 89' lang='lat' dir='ltr'><strong>dedit</strong></span> <span class='ocrx_word' id='word_1_41' title='bbox 693 975 933 1050; x_wconf 86' lang='lat' dir='ltr'><strong>Thamyrumque</strong></span> <span class='ocrx_word' id='word_1_42' title='bbox 949 975 1141 1049; x_wconf 86' lang='lat' dir='ltr'><strong>Pholumque,</strong></span> 
     </span>
     <span class='ocr_line' id='line_1_8' title="bbox 136 1071 1031 1146; baseline 0.002 -18"><span class='ocrx_word' id='word_1_43' title='bbox 136 1071 214 1128; x_wconf 91' lang='lat' dir='ltr'><strong>hunc</strong></span> <span class='ocrx_word' id='word_1_44' title='bbox 229 1089 401 1146; x_wconf 87' lang='lat' dir='ltr'><strong>congressus</strong></span> <span class='ocrx_word' id='word_1_45' title='bbox 416 1083 446 1129; x_wconf 93' lang='lat' dir='ltr'><strong>et</strong></span> <span class='ocrx_word' id='word_1_46' title='bbox 460 1071 548 1142; x_wconf 91' lang='lat' dir='ltr'><strong>hunc,</strong></span> <span class='ocrx_word' id='word_1_47' title='bbox 564 1072 643 1129; x_wconf 93' lang='lat' dir='ltr'><strong>illum</strong></span> <span class='ocrx_word' id='word_1_48' title='bbox 658 1072 793 1144; x_wconf 91' lang='lat' dir='ltr'><strong>eminus;</strong></span> <span class='ocrx_word' id='word_1_49' title='bbox 816 1073 929 1130; x_wconf 87' lang='lat' dir='ltr'><strong>eminus</strong></span> <span class='ocrx_word' id='word_1_50' title='bbox 944 1073 1031 1131; x_wconf 90' lang='lat' dir='ltr'><strong>ambo</strong></span> 
     </span>
     <span class='ocr_line' id='line_1_9' title="bbox 137 1169 1046 1245; baseline 0 -18"><span class='ocrx_word' id='word_1_51' title='bbox 137 1169 321 1238; x_wconf 87' lang='lat' dir='ltr'><strong>Imbrasidas,</strong></span> <span class='ocrx_word' id='word_1_52' title='bbox 337 1169 484 1227; x_wconf 91' lang='lat' dir='ltr'><strong>Glaucum</strong></span> <span class='ocrx_word' id='word_1_53' title='bbox 498 1179 585 1244; x_wconf 91' lang='lat' dir='ltr'><strong>atque</strong></span> <span class='ocrx_word' id='word_1_54' title='bbox 603 1169 714 1241; x_wconf 83' lang='lat' dir='ltr'><strong>Laden,</strong></span> <span class='ocrx_word' id='word_1_55' title='bbox 730 1188 804 1245; x_wconf 90' lang='lat' dir='ltr'><strong>quos</strong></span> <span class='ocrx_word' id='word_1_56' title='bbox 820 1170 968 1228; x_wconf 84' lang='lat' dir='ltr'><strong>Imbrasus</strong></span> <span class='ocrx_word' id='word_1_57' title='bbox 984 1171 1046 1245; x_wconf 90' lang='lat' dir='ltr'><strong>ipse</strong></span> 
     </span>
     <span class='ocr_line' id='line_1_10' title="bbox 136 1267 843 1343; baseline 0.001 -19"><span class='ocrx_word' id='word_1_58' title='bbox 136 1267 273 1325; x_wconf 86' lang='lat' dir='ltr'><strong>nutrierat</strong></span> <span class='ocrx_word' id='word_1_59' title='bbox 289 1267 378 1342; x_wconf 88' lang='lat' dir='ltr'><strong>Lycia</strong></span> <span class='ocrx_word' id='word_1_60' title='bbox 391 1267 565 1343; x_wconf 89' lang='lat' dir='ltr'><strong>paribusque</strong></span> <span class='ocrx_word' id='word_1_61' title='bbox 581 1278 734 1326; x_wconf 86' lang='lat' dir='ltr'><strong>ornaverat</strong></span> <span class='ocrx_word' id='word_1_62' title='bbox 748 1269 843 1339; x_wconf 90' lang='lat' dir='ltr'><strong>armis,</strong></span> 
     </span>
    </p>

    <p class='ocr_par' dir='ltr' id='par_1_6' title="bbox 136 1365 935 1539">
     <span class='ocr_line' id='line_1_11' title="bbox 136 1365 935 1441; baseline 0 -19"><span class='ocrx_word' id='word_1_63' title='bbox 136 1365 181 1422; x_wconf 91' lang='lat' dir='ltr'><strong>vei</strong></span> <span class='ocrx_word' id='word_1_64' title='bbox 196 1365 326 1422; x_wconf 89' lang='lat' dir='ltr'><strong>conferre</strong></span> <span class='ocrx_word' id='word_1_65' title='bbox 342 1383 460 1423; x_wconf 90' lang='lat' dir='ltr'><strong>manum</strong></span> <span class='ocrx_word' id='word_1_66' title='bbox 475 1366 520 1422; x_wconf 94' lang='lat' dir='ltr'><strong>vel</strong></span> <span class='ocrx_word' id='word_1_67' title='bbox 534 1384 612 1441; x_wconf 93' lang='lat' dir='ltr'><strong>equo</strong></span> <span class='ocrx_word' id='word_1_68' title='bbox 627 1375 809 1441; x_wconf 89' lang='lat' dir='ltr'><strong>praevertere</strong></span> <span class='ocrx_word' id='word_1_69' title='bbox 823 1376 935 1423; x_wconf 90' lang='lat' dir='ltr'><strong>ventos.</strong></span> 
     </span>
     <span class='ocr_line' id='line_1_12' title="bbox 137 1462 846 1539; baseline -0.001 -18"><span class='ocrx_word' id='word_1_70' title='bbox 137 1465 220 1521; x_wconf 91' lang='lat' dir='ltr'><strong>Parte</strong></span> <span class='ocrx_word' id='word_1_71' title='bbox 235 1463 291 1520; x_wconf 85' lang='lat' dir='ltr'><strong>alia</strong></span> <span class='ocrx_word' id='word_1_72' title='bbox 305 1462 403 1519; x_wconf 89' lang='lat' dir='ltr'><strong>media</strong></span> <span class='ocrx_word' id='word_1_73' title='bbox 418 1463 567 1522; x_wconf 87' lang='lat' dir='ltr'><strong>Eumedes</strong></span> <span class='ocrx_word' id='word_1_74' title='bbox 581 1464 611 1520; x_wconf 94' lang='lat' dir='ltr'><strong>in</strong></span> <span class='ocrx_word' id='word_1_75' title='bbox 625 1464 846 1539; x_wconf 67' lang='lat' dir='ltr'><strong>proeliafertur,</strong></span> 
     </span>
    </p>

    <p class='ocr_par' dir='ltr' id='par_1_7' title="bbox 137 1560 762 1636">
     <span class='ocr_line' id='line_1_13' title="bbox 137 1560 762 1636; baseline 0.002 -18"><span class='ocrx_word' id='word_1_76' title='bbox 137 1561 246 1636; x_wconf 87' lang='lat' dir='ltr'><strong>antiqui</strong></span> <span class='ocrx_word' id='word_1_77' title='bbox 261 1561 356 1636; x_wconf 89' lang='lat' dir='ltr'><strong>proles</strong></span> <span class='ocrx_word' id='word_1_78' title='bbox 374 1560 451 1618; x_wconf 93' lang='lat' dir='ltr'><strong>bello</strong></span> <span class='ocrx_word' id='word_1_79' title='bbox 466 1561 614 1636; x_wconf 88' lang='lat' dir='ltr'><strong>praeclara</strong></span> <span class='ocrx_word' id='word_1_80' title='bbox 629 1561 762 1632; x_wconf 88' lang='lat' dir='ltr'><strong>Dolonis,</strong></span> 
     </span>
    </p>

    <p class='ocr_par' dir='ltr' id='par_1_8' title="bbox 136 1658 1005 1929">
     <span class='ocr_line' id='line_1_14' title="bbox 136 1658 1005 1733; baseline -0.001 -17"><span class='ocrx_word' id='word_1_81' title='bbox 136 1659 256 1717; x_wconf 89' lang='lat' dir='ltr'><strong>nomine</strong></span> <span class='ocrx_word' id='word_1_82' title='bbox 270 1677 356 1716; x_wconf 87' lang='lat' dir='ltr'><strong>avum</strong></span> <span class='ocrx_word' id='word_1_83' title='bbox 371 1658 506 1729; x_wconf 87' lang='lat' dir='ltr'><strong>referens,</strong></span> <span class='ocrx_word' id='word_1_84' title='bbox 522 1659 620 1716; x_wconf 92' lang='lat' dir='ltr'><strong>animo</strong></span> <span class='ocrx_word' id='word_1_85' title='bbox 635 1659 829 1733; x_wconf 89' lang='lat' dir='ltr'><strong>manibusque</strong></span> <span class='ocrx_word' id='word_1_86' title='bbox 844 1668 1005 1733; x_wconf 88' lang='lat' dir='ltr'><strong>parentem,</strong></span> 
     </span>
     <span class='ocr_line' id='line_1_15' title="bbox 137 1755 966 1832; baseline -0.001 -19"><span class='ocrx_word' id='word_1_87' title='bbox 137 1756 186 1831; x_wconf 92' lang='lat' dir='ltr'><strong>qui</strong></span> <span class='ocrx_word' id='word_1_88' title='bbox 201 1755 362 1831; x_wconf 90' lang='lat' dir='ltr'><strong>quondam,</strong></span> <span class='ocrx_word' id='word_1_89' title='bbox 378 1765 472 1814; x_wconf 82' lang='lat' dir='ltr'><strong>castra</strong></span> <span class='ocrx_word' id='word_1_90' title='bbox 485 1765 517 1814; x_wconf 92' lang='lat' dir='ltr'><strong>ut</strong></span> <span class='ocrx_word' id='word_1_91' title='bbox 533 1757 670 1814; x_wconf 90' lang='lat' dir='ltr'><strong>Danaum</strong></span> <span class='ocrx_word' id='word_1_92' title='bbox 685 1757 851 1832; x_wconf 89' lang='lat' dir='ltr'><strong>speculator</strong></span> <span class='ocrx_word' id='word_1_93' title='bbox 864 1755 966 1827; x_wconf 90' lang='lat' dir='ltr'><strong>adiret,</strong></span> 
     </span>
     <span class='ocr_line' id='line_1_16' title="bbox 137 1853 838 1929; baseline 0.001 -19"><span class='ocrx_word' id='word_1_94' title='bbox 137 1873 223 1911; x_wconf 89' lang='lat' dir='ltr'><strong>ausus</strong></span> <span class='ocrx_word' id='word_1_95' title='bbox 239 1853 357 1911; x_wconf 88' lang='lat' dir='ltr'><strong>Pelidae</strong></span> <span class='ocrx_word' id='word_1_96' title='bbox 372 1855 497 1929; x_wconf 90' lang='lat' dir='ltr'><strong>pretium</strong></span> <span class='ocrx_word' id='word_1_97' title='bbox 513 1853 567 1912; x_wconf 95' lang='lat' dir='ltr'><strong>sibi</strong></span> <span class='ocrx_word' id='word_1_98' title='bbox 582 1872 705 1928; x_wconf 90' lang='lat' dir='ltr'><strong>poscere</strong></span> <span class='ocrx_word' id='word_1_99' title='bbox 720 1873 838 1926; x_wconf 81' lang='lat' dir='ltr'><strong>currus3</strong></span> 
     </span>
    </p>

    <p class='ocr_par' dir='ltr' id='par_1_9' title="bbox 136 1949 710 2027">
     <span class='ocr_line' id='line_1_17' title="bbox 136 1949 710 2027; baseline 0.003 -19"><span class='ocrx_word' id='word_1_100' title='bbox 136 1951 217 2009; x_wconf 93' lang='lat' dir='ltr'><strong>illum</strong></span> <span class='ocrx_word' id='word_1_101' title='bbox 230 1949 361 2026; x_wconf 87' lang='lat' dir='ltr'><strong>Tydides</strong></span> <span class='ocrx_word' id='word_1_102' title='bbox 375 1951 432 2009; x_wconf 90' lang='lat' dir='ltr'><strong>alio</strong></span> <span class='ocrx_word' id='word_1_103' title='bbox 446 1970 499 2027; x_wconf 92' lang='lat' dir='ltr'><strong>pro</strong></span> <span class='ocrx_word' id='word_1_104' title='bbox 514 1952 618 2010; x_wconf 91' lang='lat' dir='ltr'><strong>talibus</strong></span> <span class='ocrx_word' id='word_1_105' title='bbox 632 1953 710 2010; x_wconf 90' lang='lat' dir='ltr'><strong>ausis</strong></span> 
     </span>
    </p>

    <p class='ocr_par' dir='ltr' id='par_1_10' title="bbox 138 2047 821 2125">
     <span class='ocr_line' id='line_1_18' title="bbox 138 2047 821 2125; baseline 0.006 -21"><span class='ocrx_word' id='word_1_106' title='bbox 138 2047 246 2105; x_wconf 88' lang='lat' dir='ltr'><strong>adfecit</strong></span> <span class='ocrx_word' id='word_1_107' title='bbox 261 2049 364 2123; x_wconf 92' lang='lat' dir='ltr'><strong>pretio,</strong></span> <span class='ocrx_word' id='word_1_108' title='bbox 379 2067 436 2106; x_wconf 91' lang='lat' dir='ltr'><strong>nec</strong></span> <span class='ocrx_word' id='word_1_109' title='bbox 451 2049 533 2123; x_wconf 92' lang='lat' dir='ltr'><strong>equis</strong></span> <span class='ocrx_word' id='word_1_110' title='bbox 547 2049 676 2125; x_wconf 90' lang='lat' dir='ltr'><strong>adspirat</strong></span> <span class='ocrx_word' id='word_1_111' title='bbox 692 2050 821 2108; x_wconf 81' lang='lat' dir='ltr'><strong>Achillis.</strong></span> 
     </span>
    </p>

    <p class='ocr_par' dir='ltr' id='par_1_11' title="bbox 139 2146 931 2223">
     <span class='ocr_line' id='line_1_19' title="bbox 139 2146 931 2223; baseline 0.004 -20"><span class='ocrx_word' id='word_1_112' title='bbox 139 2147 230 2204; x_wconf 93' lang='lat' dir='ltr'><strong>Hunc</strong></span> <span class='ocrx_word' id='word_1_113' title='bbox 245 2146 346 2221; x_wconf 93' lang='lat' dir='ltr'><strong>procul</strong></span> <span class='ocrx_word' id='word_1_114' title='bbox 359 2155 392 2204; x_wconf 93' lang='lat' dir='ltr'><strong>ut</strong></span> <span class='ocrx_word' id='word_1_115' title='bbox 406 2165 512 2222; x_wconf 91' lang='lat' dir='ltr'><strong>campo</strong></span> <span class='ocrx_word' id='word_1_116' title='bbox 526 2149 642 2206; x_wconf 89' lang='lat' dir='ltr'><strong>Turnus</strong></span> <span class='ocrx_word' id='word_1_117' title='bbox 651 2148 806 2222; x_wconf 72' lang='lat' dir='ltr'><strong>&#39;prospexit</strong></span> <span class='ocrx_word' id='word_1_118' title='bbox 820 2158 931 2223; x_wconf 88' lang='lat' dir='ltr'><strong>apert0,</strong></span> 
     </span>
    </p>

    <p class='ocr_par' dir='ltr' id='par_1_12' title="bbox 138 2244 819 2319">
     <span class='ocr_line' id='line_1_20' title="bbox 138 2244 819 2319; baseline 0.001 -18"><span class='ocrx_word' id='word_1_119' title='bbox 138 2254 205 2301; x_wconf 89' lang='lat' dir='ltr'><strong>ante</strong></span> <span class='ocrx_word' id='word_1_120' title='bbox 220 2245 275 2301; x_wconf 86' lang='lat' dir='ltr'><strong>levi</strong></span> <span class='ocrx_word' id='word_1_121' title='bbox 290 2244 385 2302; x_wconf 90' lang='lat' dir='ltr'><strong>iaculo</strong></span> <span class='ocrx_word' id='word_1_122' title='bbox 400 2245 518 2319; x_wconf 87' lang='lat' dir='ltr'><strong>longum</strong></span> <span class='ocrx_word' id='word_1_123' title='bbox 533 2263 587 2319; x_wconf 93' lang='lat' dir='ltr'><strong>per</strong></span> <span class='ocrx_word' id='word_1_124' title='bbox 600 2245 687 2302; x_wconf 91' lang='lat' dir='ltr'><strong>inane</strong></span> <span class='ocrx_word' id='word_1_125' title='bbox 702 2256 819 2302; x_wconf 91' lang='lat' dir='ltr'><strong>secutus</strong></span> 
     </span>
    </p>

    <p class='ocr_par' dir='ltr' id='par_1_13' title="bbox 139 2341 791 2418">
     <span class='ocr_line' id='line_1_21' title="bbox 139 2341 791 2418; baseline 0 -19"><span class='ocrx_word' id='word_1_126' title='bbox 139 2343 211 2399; x_wconf 90' lang='lat' dir='ltr'><strong>sistit</strong></span> <span class='ocrx_word' id='word_1_127' title='bbox 226 2361 318 2416; x_wconf 90' lang='lat' dir='ltr'><strong>equos</strong></span> <span class='ocrx_word' id='word_1_128' title='bbox 332 2341 435 2417; x_wconf 88' lang='lat' dir='ltr'><strong>biiugis</strong></span> <span class='ocrx_word' id='word_1_129' title='bbox 450 2351 479 2400; x_wconf 89' lang='lat' dir='ltr'><strong>et</strong></span> <span class='ocrx_word' id='word_1_130' title='bbox 494 2361 578 2400; x_wconf 90' lang='lat' dir='ltr'><strong>curru</strong></span> <span class='ocrx_word' id='word_1_131' title='bbox 593 2342 690 2399; x_wconf 87' lang='lat' dir='ltr'><strong>desilit</strong></span> <span class='ocrx_word' id='word_1_132' title='bbox 704 2352 791 2418; x_wconf 89' lang='lat' dir='ltr'><strong>atque</strong></span> 
     </span>
    </p>

    <p class='ocr_par' dir='ltr' id='par_1_14' title="bbox 139 2439 865 2515">
     <span class='ocr_line' id='line_1_22' title="bbox 139 2439 865 2515; baseline 0 -17"><span class='ocrx_word' id='word_1_133' title='bbox 139 2440 301 2498; x_wconf 88' lang='lat' dir='ltr'><strong>semianimi</strong></span> <span class='ocrx_word' id='word_1_134' title='bbox 316 2440 456 2515; x_wconf 92' lang='lat' dir='ltr'><strong>lapsoque</strong></span> <span class='ocrx_word' id='word_1_135' title='bbox 471 2440 638 2514; x_wconf 90' lang='lat' dir='ltr'><strong>supervenit</strong></span> <span class='ocrx_word' id='word_1_136' title='bbox 652 2450 682 2497; x_wconf 90' lang='lat' dir='ltr'><strong>et</strong></span> <span class='ocrx_word' id='word_1_137' title='bbox 697 2439 773 2514; x_wconf 91' lang='lat' dir='ltr'><strong>pede</strong></span> <span class='ocrx_word' id='word_1_138' title='bbox 788 2440 865 2498; x_wconf 91' lang='lat' dir='ltr'><strong>collo</strong></span> 
     </span>
    </p>

    <p class='ocr_par' dir='ltr' id='par_1_15' title="bbox 138 2535 970 2808">
     <span class='ocr_line' id='line_1_23' title="bbox 138 2535 889 2613; baseline -0.003 -17"><span class='ocrx_word' id='word_1_139' title='bbox 138 2539 279 2613; x_wconf 90' lang='lat' dir='ltr'><strong>impresso</strong></span> <span class='ocrx_word' id='word_1_140' title='bbox 294 2535 414 2596; x_wconf 88' lang='lat' dir='ltr'><strong>dextrae</strong></span> <span class='ocrx_word' id='word_1_141' title='bbox 430 2555 602 2595; x_wconf 89' lang='lat' dir='ltr'><strong>mucronem</strong></span> <span class='ocrx_word' id='word_1_142' title='bbox 618 2546 773 2612; x_wconf 90' lang='lat' dir='ltr'><strong>extorquet</strong></span> <span class='ocrx_word' id='word_1_143' title='bbox 788 2548 817 2594; x_wconf 91' lang='lat' dir='ltr'><strong>et</strong></span> <span class='ocrx_word' id='word_1_144' title='bbox 831 2538 889 2594; x_wconf 91' lang='lat' dir='ltr'><strong>alto</strong></span> 
     </span>
     <span class='ocr_line' id='line_1_24' title="bbox 138 2634 970 2710; baseline 0 -18"><span class='ocrx_word' id='word_1_145' title='bbox 138 2635 298 2710; x_wconf 84' lang='lat' dir='ltr'><strong>fulgentem</strong></span> <span class='ocrx_word' id='word_1_146' title='bbox 313 2635 416 2710; x_wconf 87' lang='lat' dir='ltr'><strong>tinguit</strong></span> <span class='ocrx_word' id='word_1_147' title='bbox 431 2636 529 2710; x_wconf 84' lang='lat' dir='ltr'><strong>iugulo</strong></span> <span class='ocrx_word' id='word_1_148' title='bbox 544 2645 632 2710; x_wconf 90' lang='lat' dir='ltr'><strong>atque</strong></span> <span class='ocrx_word' id='word_1_149' title='bbox 647 2635 722 2692; x_wconf 86' lang='lat' dir='ltr'><strong>haec</strong></span> <span class='ocrx_word' id='word_1_150' title='bbox 736 2634 855 2710; x_wconf 90' lang='lat' dir='ltr'><strong>insuper</strong></span> <span class='ocrx_word' id='word_1_151' title='bbox 869 2635 970 2694; x_wconf 89' lang='lat' dir='ltr'><strong>addit:</strong></span> 
     </span>
     <span class='ocr_line' id='line_1_25' title="bbox 140 2733 823 2808; baseline -0.001 -18"><span class='ocrx_word' id='word_1_152' title='bbox 140 2735 203 2790; x_wconf 88' lang='lat' dir='ltr'><strong>‘En</strong></span> <span class='ocrx_word' id='word_1_153' title='bbox 218 2751 302 2808; x_wconf 88' lang='lat' dir='ltr'><strong>agros</strong></span> <span class='ocrx_word' id='word_1_154' title='bbox 317 2742 347 2790; x_wconf 92' lang='lat' dir='ltr'><strong>et</strong></span> <span class='ocrx_word' id='word_1_155' title='bbox 361 2751 449 2808; x_wconf 87' lang='lat' dir='ltr'><strong>quam</strong></span> <span class='ocrx_word' id='word_1_156' title='bbox 464 2733 550 2802; x_wconf 91' lang='lat' dir='ltr'><strong>bello,</strong></span> <span class='ocrx_word' id='word_1_157' title='bbox 565 2734 702 2802; x_wconf 91' lang='lat' dir='ltr'><strong>Troiane,</strong></span> <span class='ocrx_word' id='word_1_158' title='bbox 717 2733 823 2807; x_wconf 89' lang='lat' dir='ltr'><strong>petisti,</strong></span> 
     </span>
    </p>

    <p class='ocr_par' dir='ltr' id='par_1_16' title="bbox 141 2830 933 2905">
     <span class='ocr_line' id='line_1_26' title="bbox 141 2830 933 2905; baseline 0 -17"><span class='ocrx_word' id='word_1_159' title='bbox 141 2831 316 2905; x_wconf 88' lang='lat' dir='ltr'><strong>Hesperiam</strong></span> <span class='ocrx_word' id='word_1_160' title='bbox 331 2830 432 2888; x_wconf 91' lang='lat' dir='ltr'><strong>metire</strong></span> <span class='ocrx_word' id='word_1_161' title='bbox 447 2830 564 2888; x_wconf 88' lang='lat' dir='ltr'><strong>iacens:</strong></span> <span class='ocrx_word' id='word_1_162' title='bbox 589 2830 662 2888; x_wconf 89' lang='lat' dir='ltr'><strong>haec</strong></span> <span class='ocrx_word' id='word_1_163' title='bbox 677 2831 807 2905; x_wconf 90' lang='lat' dir='ltr'><strong>praemia</strong></span> <span class='ocrx_word' id='word_1_164' title='bbox 821 2831 871 2905; x_wconf 91' lang='lat' dir='ltr'><strong>qui</strong></span> <span class='ocrx_word' id='word_1_165' title='bbox 885 2849 933 2888; x_wconf 91' lang='lat' dir='ltr'><strong>me</strong></span> 
     </span>
    </p>

    <p class='ocr_par' dir='ltr' id='par_1_17' title="bbox 140 2927 922 3004">
     <span class='ocr_line' id='line_1_27' title="bbox 140 2927 922 3004; baseline -0.001 -18"><span class='ocrx_word' id='word_1_166' title='bbox 140 2929 215 2987; x_wconf 84' lang='lat' dir='ltr'><strong>ferro</strong></span> <span class='ocrx_word' id='word_1_167' title='bbox 229 2929 291 2986; x_wconf 90' lang='lat' dir='ltr'><strong>ausi</strong></span> <span class='ocrx_word' id='word_1_168' title='bbox 305 2937 447 3004; x_wconf 89' lang='lat' dir='ltr'><strong>temptare</strong></span> <span class='ocrx_word' id='word_1_169' title='bbox 461 2928 564 2998; x_wconf 86' lang='lat' dir='ltr'><strong>ferunt,</strong></span> <span class='ocrx_word' id='word_1_170' title='bbox 581 2928 622 2985; x_wconf 88' lang='lat' dir='ltr'><strong>sic</strong></span> <span class='ocrx_word' id='word_1_171' title='bbox 637 2929 755 2985; x_wconf 89' lang='lat' dir='ltr'><strong>moenia</strong></span> <span class='ocrx_word' id='word_1_172' title='bbox 770 2927 922 2986; x_wconf 84' lang='lat' dir='ltr'><strong>condunt’</strong></span> 
     </span>
    </p>

    <p class='ocr_par' dir='ltr' id='par_1_18' title="bbox 140 3024 1007 3297">
     <span class='ocr_line' id='line_1_28' title="bbox 141 3024 920 3100; baseline -0.003 -16"><span class='ocrx_word' id='word_1_173' title='bbox 141 3027 222 3084; x_wconf 90' lang='lat' dir='ltr'><strong>Huic</strong></span> <span class='ocrx_word' id='word_1_174' title='bbox 236 3026 375 3084; x_wconf 90' lang='lat' dir='ltr'><strong>comitem</strong></span> <span class='ocrx_word' id='word_1_175' title='bbox 391 3026 521 3100; x_wconf 87' lang='lat' dir='ltr'><strong>Asbyten</strong></span> <span class='ocrx_word' id='word_1_176' title='bbox 537 3025 672 3097; x_wconf 64' lang='lat' dir='ltr'><strong>coniecta</strong></span> <span class='ocrx_word' id='word_1_177' title='bbox 687 3024 811 3100; x_wconf 91' lang='lat' dir='ltr'><strong>cuspide</strong></span> <span class='ocrx_word' id='word_1_178' title='bbox 825 3026 920 3083; x_wconf 90' lang='lat' dir='ltr'><strong>mittit.</strong></span> 
     </span>
     <span class='ocr_line' id='line_1_29' title="bbox 141 3123 1007 3200; baseline -0.002 -17"><span class='ocrx_word' id='word_1_179' title='bbox 141 3124 324 3199; x_wconf 88' lang='lat' dir='ltr'><strong>Chloreaque</strong></span> <span class='ocrx_word' id='word_1_180' title='bbox 339 3124 527 3200; x_wconf 89' lang='lat' dir='ltr'><strong>Sybarimque</strong></span> <span class='ocrx_word' id='word_1_181' title='bbox 543 3124 710 3198; x_wconf 88' lang='lat' dir='ltr'><strong>Daretaque</strong></span> <span class='ocrx_word' id='word_1_182' title='bbox 725 3123 1007 3197; x_wconf 91' lang='lat' dir='ltr'><strong>Thersilochumque</strong></span> 
     </span>
     <span class='ocr_line' id='line_1_30' title="bbox 140 3221 872 3297; baseline 0.001 -17"><span class='ocrx_word' id='word_1_183' title='bbox 140 3232 169 3280; x_wconf 94' lang='lat' dir='ltr'><strong>et</strong></span> <span class='ocrx_word' id='word_1_184' title='bbox 184 3223 321 3280; x_wconf 88' lang='lat' dir='ltr'><strong>sternacis</strong></span> <span class='ocrx_word' id='word_1_185' title='bbox 337 3221 405 3296; x_wconf 91' lang='lat' dir='ltr'><strong>equi</strong></span> <span class='ocrx_word' id='word_1_186' title='bbox 419 3222 533 3297; x_wconf 92' lang='lat' dir='ltr'><strong>lapsum</strong></span> <span class='ocrx_word' id='word_1_187' title='bbox 548 3221 661 3279; x_wconf 90' lang='lat' dir='ltr'><strong>cervice</strong></span> <span class='ocrx_word' id='word_1_188' title='bbox 677 3221 872 3297; x_wconf 88' lang='lat' dir='ltr'><strong>Thymoeten.</strong></span> 
     </span>
    </p>

    <p class='ocr_par' dir='ltr' id='par_1_19' title="bbox 131 3319 805 3395">
     <span class='ocr_line' id='line_1_31' title="bbox 131 3319 805 3395; baseline -0.001 -17"><span class='ocrx_word' id='word_1_189' title='bbox 131 3324 184 3378; x_wconf 73' lang='lat' dir='ltr'><strong>⁴Ac</strong></span> <span class='ocrx_word' id='word_1_190' title='bbox 199 3320 276 3378; x_wconf 91' lang='lat' dir='ltr'><strong>velut</strong></span> <span class='ocrx_word' id='word_1_191' title='bbox 292 3320 390 3378; x_wconf 89' lang='lat' dir='ltr'><strong>Edoni</strong></span> <span class='ocrx_word' id='word_1_192' title='bbox 405 3323 515 3379; x_wconf 90' lang='lat' dir='ltr'><strong>Boreae</strong></span> <span class='ocrx_word' id='word_1_193' title='bbox 532 3330 599 3378; x_wconf 90' lang='lat' dir='ltr'><strong>cum</strong></span> <span class='ocrx_word' id='word_1_194' title='bbox 614 3319 731 3395; x_wconf 89' lang='lat' dir='ltr'><strong>spiritus</strong></span> <span class='ocrx_word' id='word_1_195' title='bbox 746 3320 805 3377; x_wconf 92' lang='lat' dir='ltr'><strong>alto</strong></span> 
     </span>
    </p>

    <p class='ocr_par' dir='ltr' id='par_1_20' title="bbox 97 3416 871 3503">
     <span class='ocr_line' id='line_1_32' title="bbox 97 3416 871 3503; baseline -0.001 -26"><span class='ocrx_word' id='word_1_196' title='bbox 97 3498 100 3503; x_wconf 88' lang='lat'>.</span> <span class='ocrx_word' id='word_1_197' title='bbox 141 3421 256 3478; x_wconf 90' lang='lat' dir='ltr'><strong>insonat</strong></span> <span class='ocrx_word' id='word_1_198' title='bbox 270 3421 389 3494; x_wconf 85' lang='lat' dir='ltr'><strong>Aegaeo</strong></span> <span class='ocrx_word' id='word_1_199' title='bbox 404 3419 590 3494; x_wconf 92' lang='lat' dir='ltr'><strong>sequiturque</strong></span> <span class='ocrx_word' id='word_1_200' title='bbox 605 3416 645 3475; x_wconf 91' lang='lat' dir='ltr'><strong>ad</strong></span> <span class='ocrx_word' id='word_1_201' title='bbox 659 3418 744 3476; x_wconf 89' lang='lat' dir='ltr'><strong>litora</strong></span> <span class='ocrx_word' id='word_1_202' title='bbox 758 3418 871 3489; x_wconf 92' lang='lat' dir='ltr'><strong>fluctus,</strong></span> 
     </span>
    </p>

    <p class='ocr_par' dir='ltr' id='par_1_21' title="bbox 140 3515 899 3592">
     <span class='ocr_line' id='line_1_33' title="bbox 140 3515 899 3592; baseline -0.001 -17"><span class='ocrx_word' id='word_1_203' title='bbox 140 3536 199 3592; x_wconf 91' lang='lat' dir='ltr'><strong>qua</strong></span> <span class='ocrx_word' id='word_1_204' title='bbox 211 3517 289 3575; x_wconf 88' lang='lat' dir='ltr'><strong>venti</strong></span> <span class='ocrx_word' id='word_1_205' title='bbox 303 3517 472 3588; x_wconf 87' lang='lat' dir='ltr'><strong>incubuere,</strong></span> <span class='ocrx_word' id='word_1_206' title='bbox 487 3517 583 3591; x_wconf 82' lang='lat' dir='ltr'><strong>fugam</strong></span> <span class='ocrx_word' id='word_1_207' title='bbox 599 3515 671 3574; x_wconf 90' lang='lat' dir='ltr'><strong>dant</strong></span> <span class='ocrx_word' id='word_1_208' title='bbox 685 3516 785 3576; x_wconf 92' lang='lat' dir='ltr'><strong>nubila</strong></span> <span class='ocrx_word' id='word_1_209' title='bbox 798 3516 899 3574; x_wconf 83' lang='lat' dir='ltr'><strong>caelo:</strong></span> 
     </span>
    </p>

    <p class='ocr_par' dir='ltr' id='par_1_22' title="bbox 140 3612 963 3788">
     <span class='ocr_line' id='line_1_34' title="bbox 141 3612 963 3689; baseline 0 -17"><span class='ocrx_word' id='word_1_210' title='bbox 141 3615 183 3672; x_wconf 87' lang='lat' dir='ltr'><strong>sic</strong></span> <span class='ocrx_word' id='word_1_211' title='bbox 196 3615 307 3687; x_wconf 83' lang='lat' dir='ltr'><strong>Turne,</strong></span> <span class='ocrx_word' id='word_1_212' title='bbox 322 3632 507 3689; x_wconf 91' lang='lat' dir='ltr'><strong>quacumque</strong></span> <span class='ocrx_word' id='word_1_213' title='bbox 523 3615 599 3672; x_wconf 88' lang='lat' dir='ltr'><strong>viam</strong></span> <span class='ocrx_word' id='word_1_214' title='bbox 614 3623 704 3684; x_wconf 89' lang='lat' dir='ltr'><strong>secat,</strong></span> <span class='ocrx_word' id='word_1_215' title='bbox 720 3613 838 3689; x_wconf 87' lang='lat' dir='ltr'><strong>agmina</strong></span> <span class='ocrx_word' id='word_1_216' title='bbox 853 3612 963 3672; x_wconf 91' lang='lat' dir='ltr'><strong>cedunt</strong></span> 
     </span>
     <span class='ocr_line' id='line_1_35' title="bbox 140 3711 906 3788; baseline -0.001 -17"><span class='ocrx_word' id='word_1_217' title='bbox 140 3731 358 3788; x_wconf 87' lang='lat' dir='ltr'><strong>conversaeque</strong></span> <span class='ocrx_word' id='word_1_218' title='bbox 372 3721 459 3771; x_wconf 90' lang='lat' dir='ltr'><strong>ruunt</strong></span> <span class='ocrx_word' id='word_1_219' title='bbox 473 3713 570 3784; x_wconf 74' lang='lat' dir='ltr'><strong>acies,</strong></span> <span class='ocrx_word' id='word_1_220' title='bbox 592 3713 646 3770; x_wconf 88' lang='lat' dir='ltr'><strong>sert</strong></span> <span class='ocrx_word' id='word_1_221' title='bbox 660 3712 787 3787; x_wconf 91' lang='lat' dir='ltr'><strong>impetus</strong></span> <span class='ocrx_word' id='word_1_222' title='bbox 802 3711 906 3787; x_wconf 92' lang='lat' dir='ltr'><strong>ipsum,</strong></span> 
     </span>
    </p>
   </div>
   <div class='ocr_carea' id='block_1_4' title="bbox 554 3847 782 3894">
    <p class='ocr_par' dir='ltr' id='par_1_23' title="bbox 554 3847 782 3894">
     <span class='ocr_line' id='line_1_36' title="bbox 554 3847 782 3894; baseline 0.004 -1"><span class='ocrx_word' id='word_1_223' title='bbox 554 3847 588 3881; x_wconf 74' lang='lat'><strong>⁸⁶²</strong></span> <span class='ocrx_word' id='word_1_224' title='bbox 598 3849 709 3894; x_wconf 64' lang='lat' dir='ltr'><strong>Asturco.</strong></span> <span class='ocrx_word' id='word_1_225' title='bbox 724 3849 782 3894; x_wconf 83' lang='lat' dir='ltr'><strong>Eds.</strong></span> 
     </span>
    </p>
   </div>
   <div class='ocr_carea' id='block_1_5' title="bbox 0 0 1383 4284">
    <p class='ocr_par' dir='ltr' id='par_1_24' title="bbox 0 0 1383 4284">
     <span class='ocr_line' id='line_1_37' title="bbox 0 0 1383 4284; baseline 0 0"><span class='ocrx_word' id='word_1_226' title='bbox 0 0 1383 4284; x_wconf 95' lang='lat' dir='ltr'><strong> </strong></span> 
     </span>
    </p>
   </div>
  </div>
 </body>
</html>
