2742 4284
169 273 208 336 72
513 253 578 318 The
607 255 637 318 T
633 255 744 339 rojam
767 255 878 338 Rally.
1101 264 1224 330 [ΕΜ.

168 461 235 500 cum
249 442 332 517 galea
347 441 433 517 longe
448 442 537 500 iacuit
551 450 649 517 caput.
693 440 768 498 Inde
783 441 907 498 ferarum

169 549 340 598 vastatorem
357 542 511 615 Amycum,
527 558 586 614 quo
601 557 662 597 non
676 538 788 596 felicior
801 538 874 596 alter

168 656 275 714 ungere
291 639 348 696 tela
363 656 451 696 manu
467 639 632 714 ferrumque
647 655 758 695 armare
773 654 899 708 venenu,

168 747 196 794 et
212 737 338 812 Clytium
355 735 498 794 Aeoliden
515 746 545 792 et
558 735 686 793 amicum
702 734 830 794 Crethea
842 735 946 805 Musis,

167 835 294 894 Crethea
313 836 464 893 Musarum
479 834 629 905 comitem,
645 833 694 892 cui
708 833 839 891 carmina
852 850 968 907 semper
1054 835 1058 840 ’

168 943 196 991 et
211 933 337 990 citharae
353 931 435 990 cordi
450 947 645 1006 numerosque
662 929 815 988 intendere
830 931 933 988 nervis.

171 1029 308 1107 [Semper
322 1049 414 1105 equos
428 1039 516 1104 atque
533 1047 612 1087 arma
627 1028 720 1085 virum
736 1045 908 1103 pugnasque
923 1025 1074 1105 canebat]

206 1128 341 1186 Tandem
356 1128 492 1186 ductores
507 1126 607 1184 audita
621 1125 715 1184 caede
730 1144 849 1184 suorum

168 1228 345 1284 conveniunt
359 1227 474 1297 Teucri,
491 1226 663 1283 Mnestheus
679 1242 805 1299 acerque
821 1225 960 1295 Serestus,

167 1323 347 1398 palantisque
362 1324 463 1382 vident
477 1323 574 1381 socios
589 1322 763 1397 hostemque
779 1331 940 1396 receptum.
1179 1321 1225 1375 78⁰

168 1422 206 1478 Et
222 1421 411 1479 Mnestheus:
436 1422 523 1496 ‘Quo
538 1420 646 1479 deinde
661 1422 768 1496 fugam,
785 1438 844 1495 quo
860 1419 1016 1478 tenditis?’
1038 1419 1141 1493 inquit.

168 1519 268 1592 ‘Quos
283 1520 353 1578 aiios
369 1538 475 1592 muros,
492 1537 568 1594 quae
583 1519 641 1577 iam
657 1520 731 1576 ultra
746 1518 864 1576 moenia
880 1516 1014 1575 hahetis?

167 1618 250 1676 Unus
265 1617 355 1675 homo
371 1626 400 1674 et
415 1618 523 1687 vestris,
539 1617 659 1689 o'cives‚
675 1616 807 1692 undique
823 1618 941 1691 saeptus

166 1717 316 1790 aggeribus
332 1725 425 1772 tantas
441 1725 550 1789 strages
564 1715 673 1790 inpune
689 1733 742 1790 per
756 1715 858 1774 urbem

167 1811 300 1883 ediderit,
317 1813 454 1870 iuvenum
468 1813 576 1888 primos
593 1823 636 1871 tot
650 1813 760 1871 miserit
774 1814 876 1872 Orco?

167 1911 236 1967 Non
251 1909 372 1967 infelicis
387 1911 496 1985 patriae
511 1919 700 1985 veterumque
716 1910 839 1969 deorum

166 2019 195 2064 et
211 2009 308 2082 magni
323 2010 449 2080 Aeneae,
466 2026 579 2083 segnes,
595 2008 771 2083 miseretque
787 2009 976 2083 pudetque?'
1035 2009 1039 2016 “

165 2105 283 2164 Talibus
298 2106 414 2164 accensi
428 2106 578 2164 firmantur
592 2115 621 2164 et
635 2107 752 2181 agmine
768 2105 861 2164 denso
909 2143 912 2148 -

166 2205 336 2263 consistunt.
378 2207 494 2263 Turnus
509 2205 647 2280 paulatim
663 2204 807 2263 excedere
822 2223 922 2280 pugna

166 2311 195 2359 et
209 2302 327 2360 fluvium
342 2314 441 2377 petere
457 2321 491 2360 ac
506 2311 627 2378 partem,
643 2320 719 2376 quae
734 2303 859 2377 cingitur
872 2303 971 2375 unda;

165 2401 258 2458 acrius
273 2401 332 2457 hoc
347 2401 453 2457 Teucri
468 2401 594 2457 clamore
610 2400 779 2459 incumbere
796 2420 904 2476 magno
969 2401 972 2406 ⁸

166 2509 194 2555 et
208 2499 367 2572 glomerare
383 2517 512 2556 manum.
555 2500 618 2557 Ceu
633 2516 752 2556 saevum
766 2500 852 2557 turba
865 2496 982 2559 leonem
1055 2497 1059 2504 ’

165 2615 233 2653 cum
248 2596 310 2653 telis
326 2597 430 2670 premit
445 2596 576 2667 infensis,
588 2605 617 2654 at
632 2597 746 2654 territus
761 2596 816 2668 ille,

165 2711 257 2768 asper,
273 2695 379 2751 acerba
393 2703 487 2766 tuens,
502 2704 577 2752 retro
592 2693 676 2766 redit,
693 2707 723 2753 et
737 2694 834 2771 neque
849 2693 945 2772 terga

165 2793 206 2849 ira
221 2791 290 2848 dare
306 2801 354 2849 aut
368 2793 455 2850 virtus
470 2794 584 2867 patitur,
600 2811 657 2876 nec
672 2794 793 2852 tendere
811 2805 913 2852 contra

165 2889 210 2946 ille
226 2889 345 2963 quidem
362 2890 418 2946 hoc
434 2890 555 2965 cupiens
570 2892 646 2967 potis
665 2903 708 2950 est
724 2912 775 2968 per
790 2892 848 2950 tela
862 2892 1016 2967 virosque:
1062 2888 1066 2892 ¹

165 2986 243 3044 haud
258 2987 339 3043 aliter
352 2997 427 3045 retro
443 2986 547 3046 dubius
562 2991 683 3065 vestigia
696 2992 812 3048 Turnus
943 2987 946 2992 ’

165 3084 361 3158 improperata
375 3085 469 3156 refert,
486 3096 514 3144 et
531 3105 613 3144 mens
630 3097 780 3145 exaestuat
795 3085 844 3146 ira.

166 3181 243 3254 Quin
260 3182 347 3238 etiam
361 3182 405 3240 bis
420 3193 481 3240 tum
498 3183 611 3242 medios
627 3186 771 3242 invaserat
787 3185 886 3254 hostis,
915 3184 919 3189 ’

164 3278 207 3336 bis
223 3279 344 3336 confusa
357 3280 426 3354 fuga
440 3299 493 3356 per
507 3301 604 3340 muros
619 3282 736 3357 agmina
751 3284 853 3351 vertit;

164 3376 216 3434 sed
231 3395 333 3435 manus
348 3396 364 3435 e
380 3380 479 3437 castris
495 3398 619 3455 propere
635 3381 696 3439 coit
710 3380 805 3438 omnis
820 3381 849 3437 in
864 3376 965 3450 unum‘,
998 3377 1003 3382 ’
1068 3377 1073 3381 ’

163 3492 219 3530 nec
237 3483 339 3530 contra
352 3474 425 3532 vires
441 3474 530 3532 audet
545 3477 678 3534 Saturnia
694 3477 769 3534 Iuno
957 3477 961 3480 ’

163 3570 304 3642 sufficere,
320 3571 428 3629 aeriam
443 3572 526 3630 caelo
539 3591 609 3630 nam
625 3574 757 3648 Iuppiter
771 3573 841 3631 Irim

163 3668 280 3726 demisit
294 3685 450 3743 germanae
465 3669 544 3728 haud
553 3671 657 3729 mollia
671 3672 748 3729 iussa
762 3671 914 3741 ferentem,

602 3797 634 3830 7⁹⁰
651 3797 723 3842 armti.
746 3797 778 3842 H.
