2742 4284
117 331 231 398 x.257.]
292 321 378 402 They
403 319 512 402 Speed
531 319 586 382 the
611 319 711 402 Slujos
733 341 774 383 on
797 319 883 384 their
914 321 998 402 Way.

115 513 288 586 Agnoscunt
302 509 388 582 longe
403 522 503 581 regem
518 504 697 579 lustrantque
715 505 838 577 choreis,

115 627 236 684 quarum
252 625 327 681 quae
342 602 423 663 sandi
437 601 607 662 doctissima
623 600 819 678 Cymodocea

114 725 192 783 pone
208 709 336 780 se'quens
351 702 453 762 dextra
466 700 590 776 puppim
606 709 687 758 tenet
703 701 825 776 ipsaque
840 701 928 760 dorso

115 805 224 862 eminet
239 821 275 861 ac
289 803 370 860 laeva
384 801 478 859 tacitis
493 799 670 876 subremigat
684 797 780 871 undis,

112 913 173 962 tum
188 903 232 960 sic
247 902 380 976 ignarum
393 898 577 973 adloquitur:
602 897 780 973 ‘Vigilasne,
795 898 886 955 deum
898 917 980 974 gens,

113 1001 235 1059 Aenea?
276 998 370 1073 Vigila
384 1007 413 1054 et
428 995 498 1053 velis
513 996 636 1054 immitte
651 994 792 1054 rudentis.

114 1099 176 1156 Nos
191 1115 302 1166 sumus,
319 1094 428 1154 Idaeae
444 1111 527 1152 sacro
541 1092 580 1152 de
594 1094 703 1151 vertice
719 1094 815 1168 pinus,

113 1214 191 1254 nunc
206 1194 305 1270 pelagi
319 1192 476 1269 nymphae,
492 1191 590 1250 classis
606 1201 664 1250 tua.
709 1191 840 1251 Perfidus
855 1202 886 1251 ut
899 1211 954 1251 nos

111 1291 280 1368 praecipitis
296 1292 370 1348 ferro
386 1290 511 1348 Rutulus
525 1289 702 1364 flammaque
716 1290 878 1365 premebat,

111 1391 243 1466 rupimus
258 1389 363 1445 invitae
379 1399 430 1446 tua
444 1387 560 1445 vincula
573 1397 662 1462 teque
676 1405 731 1464 per
744 1406 855 1463 aequor

112 1487 288 1563 quaerimus.
332 1488 423 1544 Hanc
439 1485 581 1544 Genetrix
595 1485 701 1544 faciem
716 1487 852 1544 miserata
865 1486 968 1544 refecit

111 1596 140 1644 et
155 1583 241 1644 dedit
255 1602 319 1641 esse
335 1582 405 1640 deas
420 1601 584 1658 aevumque
601 1584 709 1658 agitare
724 1585 779 1642 sub
794 1583 888 1642 undis.

111 1686 149 1742 At
164 1700 239 1759 puer
253 1681 394 1739 Ascanius
410 1699 493 1738 muro
508 1680 652 1756 fossisque
667 1691 784 1740 tenetur

110 1781 169 1839 tela
185 1780 260 1836 inter
274 1777 372 1836 media
386 1787 474 1853 atque
489 1778 632 1837 horrentis
648 1781 745 1838 Marte
761 1780 890 1838 Latinos,

111 1881 176 1936 Iam
192 1877 260 1933 loca
275 1877 351 1934 iussa
364 1885 465 1934 tenent
480 1876 546 1935 lorti
560 1877 721 1952 permixtus
738 1878 863 1934 Etrusco

113 1979 203 2036 Arcas
218 1992 326 2049 eques:
351 1972 463 2030 medias
480 1973 533 2032 illis
548 1992 700 2049 opponere
715 1984 834 2045 turmas,

109 2093 147 2132 ne
164 2072 269 2130 castris
284 2071 413 2146 iungant,
429 2081 535 2130 certast
551 2072 698 2130 sententia
711 2073 821 2130 Turno,

110 2173 203 2247 Surge
219 2187 272 2244 age
288 2177 317 2226 et
332 2171 443 2227 Aurora
457 2170 555 2228 socios
569 2170 706 2228 veniente
721 2171 820 2229 vocari

108 2271 223 2347 primus
237 2267 268 2324 in
282 2285 362 2324 arma
376 2267 444 2325 iube
463 2277 493 2325 et
512 2269 640 2343 clipeum
658 2287 742 2343 cape,
758 2287 847 2343 quem
862 2268 945 2327 dedit
959 2269 1022 2344 ipse

108 2368 255 2426 invictum
271 2365 443 2440 Ignipotens
458 2373 546 2439 atque
562 2383 627 2422 oras
643 2366 745 2424 ambiit
761 2385 842 2425 auro.

109 2465 246 2524 Crastina
260 2464 318 2534 lux,
334 2480 401 2520 mea
415 2463 439 2520 si
454 2481 514 2520 non
529 2463 614 2520 inrita
629 2463 710 2521 dicta
724 2465 841 2539 putaris,

108 2563 239 2640 ingentis
254 2561 381 2619 Rutulae
397 2561 541 2637 spectabit
556 2560 657 2619 caedis
671 2564 813 2621 acervos)

109 2663 245 2732 Dixerat,
261 2669 291 2717 et
306 2659 408 2717 dextra
423 2658 581 2718 discedens
596 2659 711 2736 impulit
726 2660 813 2718 altam

109 2758 194 2818 haud
210 2759 309 2834 ignara
323 2757 405 2816 modi
419 2759 562 2834 puppim:
587 2759 659 2833 fugit
674 2759 722 2816 illa
735 2776 788 2833 per
803 2758 897 2817 undas

109 2859 197 2918 ocior
211 2867 241 2915 et
255 2857 350 2914 iaculo
365 2867 395 2915 et
409 2867 512 2915 ventos
528 2867 674 2932 aequante
690 2857 803 2932 sagitta.
819 2909 821 2915 ,

109 2956 190 3016 Inde
206 2955 280 3012 aliae
295 2955 424 3013 celerant
439 2974 547 3014 cursus.
593 2955 697 3030 Stupet
712 2955 820 3012 inscius
837 2955 899 3030 ipse

109 3057 190 3114 Tros
206 3053 418 3127 Anchisiades;
441 3055 555 3113 auirnos
571 3063 669 3112 tamen
685 3053 785 3112 omine
800 3053 882 3111 tollit.

108 3157 190 3213 Turn
207 3155 332 3212 breviter
346 3173 434 3230 super
447 3153 623 3231 adspectans
639 3172 771 3213 convexa
786 3161 938 3227 precaturi

110 3254 215 3312 ‘Alma
230 3271 335 3328 parens
351 3253 443 3312 Idaea
456 3254 555 3325 deum,
572 3255 619 3312 cui
635 3253 787 3329 Dindyma
802 3250 885 3308 cordi

108 3352 330 3426 turrigeraeque
345 3352 423 3411 urbis
437 3353 585 3426 biiugique
601 3352 639 3410 ad
653 3354 735 3411 frena
750 3353 860 3424 leones,

108 3460 142 3508 tu
159 3448 233 3506 mihi
247 3466 327 3506 nunc
341 3467 457 3524 pugnae
471 3450 617 3525 princeps,
633 3460 665 3508 tu
679 3451 733 3509 rite
749 3450 930 3526 propinques

108 3547 267 3623 augurium
283 3545 501 3622 Phrygibusque
515 3546 593 3606 adsis
608 3547 695 3623 pede,
712 3548 787 3620 diva,
804 3547 957 3608 secund0.'

108 3647 242 3703 Tantum
257 3643 369 3702 effatus.
413 3645 451 3702 Et
466 3645 576 3703 interea
590 3646 721 3704 revoluta
734 3646 856 3705 rubebat

109 3752 227 3802 matura
241 3741 298 3798 iam
313 3741 379 3798 luce
395 3742 458 3801 dies
473 3753 651 3818 noctemque
666 3743 796 3820 fugarat:

282 3869 316 3904 2⁸⁷
332 3871 445 3918 ardentis.
466 3873 494 3918 R.
812 3871 845 3906 2⁵1
859 3879 951 3927 supera.
971 3869 1001 3920 C.
