2742 4284
138 297 172 345 X.
185 295 258 361 595]
398 285 529 346 AEneas
551 285 664 366 Rages
688 282 773 344 Like
795 281 943 363 AEgoeon.

138 471 326 546 persequitur
341 471 503 543 sortemque
520 469 650 526 Numam
663 467 834 542 'fulvumque
850 467 1026 534 Camertem,

140 569 331 644 magnanimo
346 567 490 624 Volcente
505 576 610 638 satum,
626 565 785 623 ditissimus
798 565 858 639 agri

139 667 190 742 qui
204 667 259 724 fuit
273 664 459 724 Ausonidum
474 674 504 722 et
518 661 612 722 tacitis
626 664 757 738 regnavit
771 661 908 738 Amyclis.

138 769 282 840 Aegaeon
297 763 399 838 qualis,
414 772 535 820 centum
549 762 597 819 cui
610 760 750 819 bracchia
763 760 866 818 dicunt

140 872 343 936 centenasque
358 880 470 932 manus,
485 860 699 935 quinquaginta
712 859 810 916 oribus
825 860 923 934 ignem

139 961 372 1038 pectoribusque
386 959 498 1030 arsisse,
515 958 593 1015 Iovis
608 976 676 1014 curn
692 957 812 1014 fulmina
826 965 928 1013 contra

140 1069 184 1116 tot
199 1058 318 1133 paribus
334 1066 475 1131 streperet
489 1055 600 1132 clipeis,
616 1065 660 1113 tot
675 1055 827 1129 stringeret
842 1071 944 1110 enses:

140 1158 182 1215 sic
198 1166 263 1213 toto
278 1157 393 1211 Aeneas
409 1153 540 1211 desaevit
554 1153 584 1210 in
599 1170 729 1227 aequore
743 1152 844 1222 victor,

140 1265 171 1312 ut
184 1253 279 1311 semel
294 1253 418 1327 intepuit
432 1270 543 1310 mucro.
588 1251 667 1324 Quin
683 1268 755 1307 ecce
771 1249 899 1324 Niphaei

141 1351 321 1427 quadriiugis
336 1349 367 1407 in
381 1368 473 1424 equos
488 1348 668 1422 adversaque
683 1358 806 1423 pectora
819 1346 921 1404 tendit.

141 1453 238 1524 Atque
255 1448 295 1504 illi
310 1449 396 1522 longe
411 1447 594 1522 gradientem
610 1455 639 1503 et
654 1445 717 1503 dira
731 1447 904 1503 trementem

141 1558 173 1605 ut
187 1546 297 1617 videre,
314 1555 393 1604 metu
408 1545 483 1602 versi
496 1555 632 1624 retroque
647 1554 764 1602 ruentes

142 1643 355 1717 effunduntque
371 1643 481 1700 ducem
496 1642 670 1717 rapiuntque
686 1641 724 1698 ad
739 1641 823 1700 litora
837 1659 945 1698 currus.

143 1745 262 1800 Interea
276 1741 381 1816 biiugis
395 1741 480 1798 insert
495 1759 526 1798 se
543 1741 677 1814 Lucagus
693 1740 764 1797 albis

142 1842 172 1898 in
186 1838 302 1897 medios
318 1839 460 1913 fraterque
477 1839 581 1913 Liger;
604 1836 657 1895 sed
672 1838 758 1895 frater
772 1837 893 1895 habenis

142 1938 234 1996 flectit
249 1955 351 2012 equoS,
367 1935 500 1994 strictum
514 1945 591 1994 rotat
606 1954 674 1992 acer
690 1936 824 2011 Lucagus
839 1953 949 1993 ensem.

144 2034 238 2093 Haud
252 2033 317 2092 tulit
332 2037 446 2091 Aeneas
460 2043 542 2091 tanto
557 2033 668 2091 fervore
684 2032 821 2090 furentis:

143 2134 230 2191 inruit
245 2131 425 2206 adversaque
441 2131 543 2206 ingens
558 2131 692 2206 apparuit
707 2131 798 2188 hasta.

144 2232 205 2290 Cui·
216 2231 319 2304 Liger:

145 2329 234 2386 ‘Non
250 2325 405 2384 Diomedis
420 2344 512 2401 equos
528 2345 584 2383 nec
599 2345 717 2384 currum
731 2327 826 2384 cernis
841 2327 959 2386 Achillis

144 2438 194 2484 aut
210 2425 352 2502 Phrygiae
367 2443 508 2501 campos:
531 2444 611 2482 nunc
624 2425 694 2483 belli
707 2425 773 2483 finis
788 2434 818 2482 et
831 2426 894 2482 aevi

145 2525 189 2582 his
205 2523 321 2582 dabitur
334 2523 435 2580 terris'
476 2523 594 2580 Vesano
609 2522 676 2580 talia
689 2523 746 2581 late

145 2623 226 2681 dicta
239 2622 339 2679 volant
355 2621 457 2695 Ligeri.
501 2619 560 2678 Sed
575 2639 635 2678 non
651 2630 680 2678 et
693 2623 798 2680 Troius
813 2622 898 2680 heros

146 2720 225 2778 dicta
239 2729 322 2794 parat
336 2726 455 2775 contra:
479 2718 607 2776 iaculum
621 2737 692 2776 nam
706 2729 821 2794 torquet
837 2721 865 2777 in
881 2719 1005 2778 hostem.

147 2819 282 2892 Lucagus
297 2825 329 2873 ut
343 2834 453 2891 pronus
467 2814 603 2891 pendens
618 2817 647 2874 in
661 2817 784 2876 verbera
798 2820 857 2875 telo

147 2914 301 2972 admonuit
314 2913 437 2987 biiugos
453 2913 585 2988 proiecto
601 2913 672 2972 dum
687 2914 766 2990 pede
781 2916 863 2974 laevo

147 3021 227 3089 aptet
242 3030 273 3069 se
289 3028 415 3085 pugnae,
431 3010 507 3068 subit
521 3030 585 3068 oras
601 3011 683 3070 hasta
697 3031 751 3088 per
764 3013 836 3071 imas

148 3109 282 3186 fulgentis
297 3107 393 3182 clipei,
409 3118 472 3166 tum
486 3108 600 3167 laevum
614 3111 742 3184 perforat
756 3112 882 3187 inguen:

148 3226 287 3265 excussus
302 3223 387 3262 curru
402 3205 593 3264 moribundus
607 3208 731 3267 volvitur
744 3209 826 3267 arvis

149 3305 247 3380 Quem
262 3304 327 3379 pius
342 3305 457 3360 Aeneas
472 3302 558 3362 dictis
574 3305 689 3364 adfatur
701 3307 823 3365 amaris:

150 3407 157 3434 ‘
169 3404 296 3477 Lucage,
310 3400 389 3457 nulla
403 3410 468 3458 tuos
482 3420 582 3458 currus
597 3403 664 3477 fuga
677 3405 774 3478 segnis
789 3424 932 3480 equorum

149 3499 279 3576 prodidit
294 3508 342 3555 aut
355 3515 448 3555 vanae
462 3509 573 3556 vertere
589 3519 625 3557 ex
639 3500 770 3559 hostibus
785 3504 922 3561 umbrae:

150 3598 209 3673 ipse
224 3597 294 3654 rotis
309 3595 414 3654 saliens
428 3595 496 3671 iuga
511 3596 641 3656 deseris’
686 3600 773 3656 Haec
787 3601 827 3656 ita
841 3601 913 3658 fatus

151 3695 269 3769 arripuit
282 3694 396 3768 biiugos
407 3714 416 3766 ;
437 3694 523 3754 frater
536 3695 678 3755 tendebat
691 3696 789 3754 inertis

417 3823 451 3858 ⁶⁶⁵
465 3828 527 3883 quoi.
548 3829 576 3872 R.
751 3828 784 3862 ⁶⁶⁸
799 3829 893 3887 clupeis.
909 3830 938 3875 R.
