2742 4284
158 321 287 384 v11.74.]
434 309 579 372 Latinus
602 309 673 372 and
692 309 746 370 lu's
768 308 949 392 Dauglrtcr.

157 497 206 554 Tu
219 505 327 568 vatem,
342 506 383 568 tu,
398 495 473 566 diva,
489 513 586 554 mone.
630 494 736 552 Dicam
751 494 868 553 horrida
881 496 967 568 bella,

158 592 258 651 dicam
272 593 351 652 acies
366 604 506 668 actosque
522 592 625 650 animis
639 591 670 650 in
684 591 786 650 funera
799 611 883 668 reges

157 691 399 766 Tyrrhenamque
415 709 534 748 manum
549 698 700 764 totamque
714 689 770 747 sub
784 708 864 747 arma
878 701 1013 750 coactam

159 789 347 862 Hesperiam.
391 788 486 846 Maior
500 806 594 845 rerum
610 786 681 844 mihi
695 787 824 846 nascitur
835 788 917 859 ord0‚

157 885 251 944 maius
267 903 342 960 opus
357 903 472 943 moveo.
507 883 577 942 'Rex
591 903 657 942 arva
673 885 793 943 Latinus
807 895 837 943 et
850 886 936 944 urbes

156 983 218 1040 iarn
232 983 330 1040 senior
343 983 430 1058 longa
444 981 574 1058 placidas
589 983 618 1038 in
634 999 708 1056 pace
723 983 851 1058 regebat.

159 1081 252 1139 Hunc
268 1081 370 1138 Fauno
385 1091 416 1138 et
429 1079 559 1155 nympha
572 1079 704 1154 genitum
720 1081 865 1140 Laurente
881 1084 993 1140 Marica

156 1178 331 1252 accipimus,
347 1179 450 1236 Fauno
467 1178 550 1235 Picus
567 1187 650 1252 pater
665 1178 748 1252 isque
763 1190 914 1253 parentem

156 1285 197 1347 te,
213 1276 344 1346 Saturne,
359 1276 453 1346 refert,
471 1285 501 1333 tu
517 1275 664 1350 sanguinis
680 1276 797 1335 ultimus
812 1289 922 1335 auctor.

157 1373 248 1432 Filius
263 1372 331 1430 huic
345 1373 405 1430 sato
420 1372 519 1430 divom
536 1355 692 1448 prolesque
707 1374 793 1432 virilis

156 1471 236 1528 nulla
250 1471 303 1528 fuit
317 1471 467 1546 primaque
483 1472 580 1530 oriens
595 1481 696 1546 erepta
710 1472 827 1530 iuventa
840 1482 893 1531 est.

157 1568 225 1626 Sola
240 1567 362 1625 domum
377 1577 406 1625 et
420 1578 514 1626 tantas
530 1569 662 1627 servabat
676 1569 735 1627 filia
748 1569 843 1641 sedes,

157 1666 218 1723 iam·
231 1675 342 1723 matura
356 1667 427 1738 vir0‚
443 1668 500 1725 iarn
518 1667 612 1742 plenis
626 1666 732 1724 nubilis
746 1668 838 1726 annis.

157 1764 244 1821 Multi
258 1764 334 1821 illam
351 1783 459 1840 magno
474 1783 490 1822 e
506 1765 590 1823 Latio
605 1774 724 1840 totaque
738 1767 879 1840 petebant

156 1862 294 1919 Ausonia.
338 1863 414 1920 Petit
428 1873 495 1920 ante
511 1863 582 1921 alios
597 1862 808 1937 pulcherrimus
822 1866 917 1923 omnis

155 1961 281 2030 Turnus,
297 1960 356 2017 avis
371 1961 519 2035 atavisque
534 1970 649 2035 potens,
665 1978 754 2034 quern
768 1962 847 2036 regia
860 1962 989 2021 coniunx

155 2057 275 2132 adiungi
289 2075 431 2132 generum
446 2058 519 2116 miro
534 2059 710 2133 properabat
725 2077 823 2116 amore
836 2080 843 2129 ;

156 2155 210 2213 sed
224 2156 307 2214 variis
322 2165 458 2231 portenta
473 2155 563 2214 deum
580 2157 734 2215 terroribus
749 2156 874 2215 obstant.

155 2254 268 2312 Laurus
283 2263 344 2311 erat
358 2255 428 2312 tecti
444 2253 543 2311 medio
560 2255 588 2310 in
604 2254 800 2329 penetralibus
814 2255 886 2327 altis,

154 2370 237 2410 sacra
252 2369 368 2410 comam
385 2351 549 2426 multosque
566 2361 646 2410 metu
661 2361 774 2410 servata
788 2370 841 2427 per
854 2371 956 2425 annoS,

155 2467 245 2523 quarn
260 2459 343 2524 pater
358 2449 515 2520 inventam,
532 2450 640 2524 primas
655 2468 723 2507 curn
738 2449 881 2507 conderet
892 2468 982 2521 arceS,

155 2548 218 2621 ipse
233 2549 378 2607 serebatur
393 2548 522 2628 Phoebo¹
531 2565 658 2606 sacrasse
675 2548 795 2606 Latinus

156 2645 366 2722 Laurentisque
381 2647 420 2705 ab
434 2665 470 2704 ea
484 2663 594 2704 nomen
610 2646 743 2720 posuisse
758 2647 879 2704 colonis.

156 2745 254 2803 Huius
268 2763 338 2820 apes
354 2764 500 2804 summum
518 2744 627 2803 densae
648 2744 794 2820 (mirabile
809 2744 920 2820 dictu),

154 2841 277 2901 stridore
292 2843 402 2918 ingenti
418 2843 560 2919 liquidum
575 2853 652 2900 trans
668 2841 787 2899 aethera
801 2848 911 2913 vectae,

154 2940 297 2999 obsedere
312 2943 437 3016 apicem,
453 2954 482 3000 et
498 2941 622 3017 pedibus
637 2928 691 3016 per
705 2950 806 2997 mutua
820 2941 901 2997 nexis

155 3029 277 3096 examen
292 3039 419 3097 subitum
434 3059 515 3098 ramo
531 3039 685 3097 frondente
701 3037 853 3112 pependit.

155 3134 304 3193 Continuo
319 3147 416 3194 vates:
441 3139 619 3194 ‘Externum
637 3137 803 3204 cernimus'
818 3125 921 3209 inquit,

154 3231 327 3291 ‘adventare
343 3235 435 3291 virum
450 3244 478 3292 et
493 3235 581 3309 partis
596 3244 697 3309 petere
712 3251 818 3308 agmen
834 3232 954 3290 easdem

152 3331 283 3405 partibus
299 3349 335 3388 ex
350 3331 443 3390 isdem
459 3343 488 3390 et
503 3351 617 3390 summa
631 3331 807 3390 dominarier
821 3333 908 3388 arce’

154 3431 316 3501 Praeterea,
332 3431 417 3488 castis
433 3431 532 3488 adolet
547 3429 618 3488 dum
635 3431 734 3489 altaria
748 3429 842 3488 taedis

152 3535 182 3584 et
196 3527 276 3584 iuxta
289 3528 451 3602 genitorem
467 3527 562 3586 adstat
577 3528 699 3585 Lavinia
712 3529 801 3603 virg0,

151 3624 212 3682 visa
231 3623 343 3700 (nefas)
362 3623 455 3699 longis
470 3625 684 3700 comprendere
701 3626 826 3684 crinibus
844 3627 951 3701 ignem,

154 3719 259 3798 [atque
274 3737 394 3779 ornnem
409 3732 542 3780 omatum
557 3723 675 3780 flamma
689 3724 851 3798 crepitante
867 3723 1005 3803 cremari]

246 3848 443 3908 ⁵⁵pulcerrimus.
461 3852 493 3897 H.
581 3851 603 3885 ⁵⁸
613 3856 709 3910 opstant.
726 3853 754 3897 R.
841 3853 864 3886 ⁷⁸
875 3855 1037 3911 conprendere.
1055 3855 1113 3900 Eds,
