2742 4284
182 307 242 371 104
395 291 460 354 lee
481 291 574 373 Bady
595 291 636 373 os
651 289 772 353 Pallas
797 292 879 354 Sent
899 290 1012 357 Home.
1108 305 1229 366 [AEnmn.

176 477 279 536 invidit
294 478 424 535 Fortuna
437 477 517 550 mihi,
532 495 570 535 ne
585 495 674 553 regna
687 477 801 536 videres

176 583 274 633 nostra
287 593 384 650 neque
399 575 437 632 ad
452 573 537 633 sedes
552 576 646 633 victor
658 576 796 634 veherere
811 578 966 652 paternas?

177 673 247 730 Non
263 672 336 730 haec
352 673 489 730 Evandro
505 671 542 730 de
558 683 586 731 te
601 675 745 748 promissa
758 675 871 749 parenti

176 769 332 828 discedens
346 769 496 841 dederam,
512 790 580 829 cum
594 789 642 828 me
657 772 829 846 complexus
843 781 961 829 euntem

176 869 302 926 mitteret
317 868 346 926 in
361 887 500 944 magnum
516 869 669 944 imperium
685 877 877 943 metuensque
893 881 1024 927 moneret

175 967 248 1024 acris
264 984 327 1024 esse
342 967 427 1038 viros,
444 985 512 1024 cum
527 966 599 1024 dura
613 966 724 1042 proelia
737 976 833 1041 gente.

176 1065 214 1121 Et
228 1082 307 1121 nunc
322 1064 368 1121 ille
384 1063 504 1139 quidem
520 1081 571 1139 spe
586 1064 711 1122 multum
726 1074 829 1139 captus
843 1064 921 1122 inani

175 1161 233 1220 fors
248 1171 278 1219 et
293 1171 362 1219 vota
376 1161 444 1218 facit
461 1162 647 1236 cumulatque
662 1161 762 1220 altaria
775 1161 878 1221 donis:

176 1277 229 1317 nos
244 1251 379 1317 iuvenem
395 1260 560 1318 exanimum
576 1269 605 1317 et
620 1260 660 1317 nil
674 1260 733 1317 iam
747 1260 920 1318 caelestibus
935 1260 998 1318 ullis

176 1356 335 1415 debentem
349 1376 427 1416 vano
442 1358 545 1417 maesti
559 1357 734 1415 comitamur
747 1358 868 1415 honore.

176 1455 290 1527 Infelix,
306 1456 366 1514 nati
382 1457 468 1515 funus
482 1456 601 1514 crudele
616 1455 748 1514 videbis!

176 1554 219 1612 Hi
231 1553 323 1612 nostri
338 1553 448 1612 reditus
463 1554 668 1630 expectatique
683 1554 841 1629 triumphi!

177 1653 265 1711 Haec
279 1671 346 1710 mea
361 1671 467 1729 magna
481 1653 554 1710 fides
570 1657 575 1711 l
617 1655 655 1710 At
669 1671 739 1724 non,
755 1651 900 1724 Evandre,
915 1653 1061 1728 pudendis

176 1751 340 1809 vulneribus
356 1751 471 1825 pulsum
486 1749 631 1825 adspicies
647 1769 703 1807 nec
718 1751 826 1825 sospite
841 1749 937 1808 dirum

176 1850 291 1925 optabis
307 1859 376 1906 nato
392 1849 477 1907 funus
491 1857 582 1924 pater.
627 1849 663 1905 Ei
678 1848 758 1919 mihi,
774 1858 915 1923 quantum

176 1945 354 2023 praesidium
371 1948 502 2005 Ausonia
517 1955 546 2003 et
561 1956 701 2020 quantum
718 1957 748 2004 tu
764 1944 873 2022 perdis,
889 1947 953 2004 Iule
966 1947 993 2005 l'

219 2047 306 2103 Haec
323 2046 373 2104 ubi
388 2044 514 2116 deflevit,
530 2044 593 2103 tolli
607 2044 771 2103 miserabile
787 2063 892 2119 corpus

177 2145 302 2220 imperat
317 2153 346 2201 et
360 2153 425 2202 toto
440 2144 532 2201 lectos
548 2161 584 2201 ex
598 2144 715 2218 agmine
730 2143 817 2200 mittit

103 2271 105 2280 ·
176 2243 254 2301 mille
270 2242 355 2313 viroS,
371 2243 420 2316 qui
435 2259 604 2317 supremum
619 2242 796 2299 comitentur
809 2241 953 2299 honorem

177 2341 367 2414 intersintque
384 2340 471 2415 patris
486 2339 621 2411 lacrimis,
636 2339 746 2396 solacia
758 2339 853 2397 luctus

177 2438 280 2514 exigua
296 2438 430 2514 ingentis,
446 2437 552 2495 misero
567 2436 620 2494 sed
635 2436 736 2495 debita
750 2436 832 2511 patri.

178 2536 271 2595 Haud
285 2555 389 2612 segnes
404 2536 451 2593 alii
466 2545 560 2594 crates
574 2546 603 2594 et
619 2535 705 2593 molle
714 2536 857 2618 feretrum

179 2636 305 2694 arbuteis
321 2643 421 2693 texunt
434 2634 519 2709 virgis
535 2643 563 2691 et
578 2634 685 2691 vimine
700 2651 812 2708 quemo

178 2743 400 2808 exstructosque
415 2742 494 2789 toros
509 2732 631 2791 obtentu
646 2729 756 2789 frondis
771 2731 947 2790 inumbrant.

179 2832 240 2889 Hic
254 2831 390 2889 iuvenem
405 2830 508 2905 agresti
523 2830 678 2888 sublimem
693 2830 829 2887 stramine
844 2838 967 2904 ponunt,

178 2930 294 3005 qualem
309 2929 438 3006 virgineo
454 2928 622 2986 demessum
638 2927 745 3002 pollice
760 2927 860 2985 florem

177 3045 229 3085 seu
245 3027 339 3084 mollis
353 3027 446 3084 violae
463 3044 515 3084 seu
530 3026 692 3100 languentis
707 3024 865 3101 hyacinthi,

178 3125 227 3183 cui
240 3143 338 3199 neque
355 3125 447 3200 fulgor
461 3123 558 3182 adhuc
572 3122 702 3181 necdum
717 3142 769 3180 sua
782 3123 875 3180 forma
888 3122 1024 3180 recessit:

177 3242 238 3282 non
254 3222 312 3280 iam
329 3232 422 3280 mater
435 3222 483 3280 alit
497 3222 581 3280 tellus
595 3221 728 3294 viresque
744 3220 896 3278 ministrat.

176 3322 254 3379 Tum
268 3321 399 3396 geminas
414 3331 508 3378 vestes
524 3336 653 3394 auroque
669 3327 807 3392 ostroque
822 3318 940 3393 rigentis

178 3419 279 3478 extulit
292 3421 418 3490 Aeneas,
435 3436 506 3493 quas
522 3417 560 3473 illi
576 3416 653 3474 laeta
667 3415 800 3473 laborum

178 3519 242 3593 ipsa
255 3517 313 3576 suis
330 3515 482 3592 quondam
497 3514 629 3572 manibus
645 3513 765 3572 Sidonia
779 3511 860 3570 Dido

177 3615 287 3674 fecerat
301 3624 331 3674 et
345 3613 426 3673 tenui
439 3613 511 3672 telas
526 3612 703 3671 discreverat
717 3630 796 3670 auro.

178 3715 294 3772 Harum
308 3733 397 3772 unam
412 3712 509 3771 iuveni
524 3729 695 3786 supremum
709 3719 837 3769 maestus
852 3711 995 3768 honorem

616 3845 637 3878 ⁰8
648 3847 740 3891 solatia.
757 3847 790 3891 H.
