2742 4284
189 291 247 336 112
427 273 575 337 Drances
601 273 726 354 Speaks
750 275 785 335 in
808 273 984 355 Approval.

184 460 287 535 longus
301 459 331 517 in
345 477 494 530 occasum,
510 459 576 517 finis
591 477 679 535 super
692 478 785 534 usque
799 460 935 530 Sicanos;

185 559 313 616 Aurunci
329 558 486 632 Rutulique
502 567 599 615 semnt
613 567 644 614 et
658 552 777 615 vomere
791 557 879 615 duros

185 665 322 713 exercent
337 655 427 712 colles
441 666 529 729 atque
546 657 649 713 borum
664 657 822 730 asperrima
835 667 968 730 pascunt.

185 755 273 811 Haec
288 754 383 810 omnis
398 754 480 828 regio
495 764 525 811 et
539 753 609 810 celsi
624 753 710 827 plaga
723 754 811 828 pinea
825 755 932 811 montis

186 851 274 910 cedat
288 851 432 908 amicitiae
447 853 638 922 Teucrorum,
656 861 685 908 et
699 851 825 909 foeden's
840 869 948 926 aequas

186 949 318 1007 dicamus
333 950 412 1024 leges
428 951 582 1024 sociosque
597 951 626 1007 in
642 969 732 1024 regna
745 968 895 1007 vocemus.

187 1046 360 1118 Considunt,
376 1049 400 1104 si
414 1057 511 1105 tantus
525 1067 616 1117 amor,
632 1059 661 1105 et
676 1049 794 1104 moenia
807 1046 946 1105 condant.

186 1146 236 1203 Sin
251 1145 321 1202 alios
336 1144 402 1202 finis
416 1145 560 1219 aliamque
576 1164 729 1220 capessere
743 1155 861 1218 gentem

186 1253 232 1300 est
245 1243 358 1300 animus
373 1253 554 1318 possuntque
569 1243 632 1299 solo
647 1242 795 1299 decedere
809 1253 926 1300 nostro:

187 1340 230 1399 bis
245 1340 336 1397 denas
353 1340 427 1397 Italo
442 1350 574 1398 texamus
589 1341 694 1398 robore
709 1341 790 1397 navis

186 1457 238 1496 seu
252 1439 340 1513 pluris
356 1438 505 1513 complere
519 1439 624 1509 valent,
639 1440 716 1495 iacet
730 1440 825 1496 omnis
840 1438 879 1494 ad
893 1438 1003 1496 undam
1085 1452 1087 1455 ·

187 1537 329 1606 materies,
345 1537 402 1610 ipsi
416 1555 629 1610 numerumque
645 1536 826 1610 modumque
842 1537 947 1593 carinis

187 1635 376 1710 praecipiant,
391 1653 446 1692 nos
461 1653 529 1692 aera
544 1654 647 1692 manus
661 1635 774 1691 navalia
787 1634 900 1691 demus.

189 1735 341 1806 Praeterea
355 1733 405 1806 qui
420 1731 500 1789 dicta
514 1733 606 1790 ferant
621 1743 650 1790 et
664 1732 785 1790 foedera
797 1733 914 1789 firment

188 1840 307 1887 centuni
322 1839 452 1886 oratores
467 1831 560 1904 prima
575 1830 613 1886 de
628 1840 716 1904 gente
731 1830 850 1886 latinos

188 1929 228 1985 ire
243 1928 339 2001 placet
354 1928 494 2001 pacisque
510 1947 598 1984 mann
613 1927 804 2002 praetendere
818 1945 924 1997 ramos,

188 2043 309 2083 munera
322 2026 466 2099 portantis
481 2027 599 2099 aurique
616 2026 770 2099 eborisque
785 2025 892 2082 talenta

189 2134 217 2180 et
232 2123 331 2179 sellam
345 2123 427 2197 regni
441 2119 628 2198 trabeamque
644 2123 767 2197 insignia
781 2125 880 2181 nostri.

189 2220 340 2279 Consulite
355 2221 385 2276 in
400 2219 532 2278 medium
548 2231 579 2277 et
589 2221 675 2278 rebus
690 2221 848 2278 succurrite
862 2222 963 2278 fessis!

228 2319 305 2374 Tum
320 2319 453 2375 Drances
468 2318 547 2375 idem
564 2319 703 2390 infensuS,
719 2338 808 2394 quem
823 2320 912 2394 gloria
925 2319 1016 2376 Turni

189 2415 308 2490 obliqua
322 2415 431 2472 invidia
445 2416 624 2491 stimulisque
640 2417 769 2490 agitabat
783 2418 895 2486 amaris,

188 2513 283 2589 largus
298 2532 388 2587 opum
403 2524 431 2570 et
446 2514 543 2588 lingua
559 2515 669 2584 melior,
685 2513 739 2571 sed
753 2514 856 2589 frigida
868 2515 945 2571 bello

189 2610 317 2681 dextera,
334 2612 460 2668 consiliis
476 2612 590 2669 habitus
604 2630 665 2670 non
679 2613 766 2671 futilis
781 2622 890 2681 auctor,

189 2709 333 2766 seditione
347 2719 454 2782 potens
474 2710 580 2785 (genus
595 2711 664 2768 huic
680 2721 811 2767 materna
824 2709 981 2785 superbum

189 2806 324 2863 nobilitas
339 2805 436 2875 dabat,
452 2808 595 2864 incertum
610 2807 648 2864 de
663 2819 746 2882 patre
760 2809 899 2881 ferebat),

189 2904 278 2978 surgit
292 2914 321 2960 et
337 2903 380 2960 his
397 2915 499 2961 onerat
514 2905 599 2962 dictis
615 2916 702 2980 atque
718 2916 835 2980 aggerat
849 2906 922 2962 iras:

191 3002 285 3065 ‘Rem
300 3002 371 3058 nulli
385 3002 541 3059 obscuram
555 3013 671 3061 nostrae
687 3023 743 3060 nec
758 3004 837 3060 vocis
852 3013 989 3077 egentem

190 3098 328 3168 consuliS,
343 3099 371 3156 Ο
386 3099 464 3156 bone
480 3119 548 3157 rex:
572 3102 671 3158 cuncti
686 3119 718 3158 se
733 3101 807 3158 scire
822 3100 956 3170 latentur,

189 3194 260 3270 quid
275 3196 390 3253 fortuna
404 3197 474 3254 ferat
490 3198 601 3273 populi,
618 3199 672 3256 sed
686 3198 785 3256 dicere
800 3207 939 3255 mussant.

190 3295 249 3350 Det
264 3293 427 3350 libertatem
442 3295 523 3352 fandi
537 3296 679 3371 flatusque
694 3297 823 3353 remittat

190 3391 272 3446 cuius
287 3390 327 3447 ob
341 3392 504 3466 auspicium
519 3393 676 3450 infaustum
692 3411 847 3468 moresque
862 3395 991 3452 sinistros

195 3486 308 3563 (dicam
323 3487 471 3562 equidem,
486 3490 554 3546 licet
569 3509 649 3548 arma
665 3491 735 3548 mihi
751 3501 935 3566 mortemque
950 3491 1091 3565 minetur)

189 3586 299 3642 lumina
313 3595 356 3643 tot
371 3585 514 3644 cecidisse
531 3588 641 3645 ducum
656 3599 807 3663 totamque
822 3588 955 3647 videmus

190 3681 360 3740 consedisse
375 3685 477 3742 urbem
492 3685 582 3756 luctu,
598 3686 669 3744 dum
683 3689 773 3746 Troia
786 3697 910 3762 temptat

191 3789 284 3836 castra
299 3780 383 3853 fugae
398 3781 492 3839 fidens
508 3793 536 3840 et
551 3784 664 3841 caelum
680 3787 789 3843 territat
804 3787 900 3843 armis
