2742 4284
147 309 222 358 VIII.
238 309 307 374 ¹79·]
491 299 650 362 Hercules
671 301 744 362 and
765 298 875 364 Cacus.

146 486 232 545 Gens
248 483 364 556 eadem,
380 503 456 560 quae
472 494 509 555 te,
526 484 636 542 crudeli
653 485 771 546 Daunia
783 483 861 542 bello

145 585 310 660 insequitur
319 603 329 655 3
352 601 406 640 nos
422 583 445 640 si
459 583 577 658 pellant,
594 583 665 640 nihil
680 582 759 640 aiore
774 581 907 651 credunt,
967 581 970 587 ’

146 684 219 758 quin
235 699 355 739 omnem
372 680 549 755 Hesperiam
564 681 680 756 penitus
696 698 749 737 sua
762 680 817 738 sub
832 680 899 755 iuga
913 680 1028 738 mittant

146 789 177 838 et
193 797 273 838 mare
289 779 370 855 quod
385 798 474 855 supra
489 787 608 836 teneant
624 777 765 854 quodque
780 777 872 836 adluit
887 780 969 837 infra.

147 879 261 954 Accipe
277 877 374 953 daque
389 877 498 936 fidem:
522 887 590 934 sunt
604 877 690 935 nobis
705 878 790 935 fortia
804 878 880 936 bello

147 986 280 1050 pectora,
296 986 363 1034 sunt
377 976 467 1034 animi
480 985 510 1033 et
525 976 611 1034 rebus
627 985 760 1051 spectata
774 977 926 1035 iuventus.’

190 1076 312 1132 Dixerat
328 1077 451 1132 Aeneas.
496 1075 547 1132 Ille
564 1093 597 1132 os
613 1076 775 1150 oculosque
789 1076 936 1149 loquentis

147 1171 322 1230 iamdudum
338 1182 368 1229 et
382 1182 476 1230 totum
491 1173 629 1231 lustrabat
644 1173 753 1230 lumine
769 1191 884 1248 corpus.

147 1272 227 1327 Tum
242 1271 284 1327 sic
300 1288 395 1344 pauca
411 1270 515 1328 refert:
539 1272 599 1330 ‘Ut
614 1280 652 1342 te,
668 1271 822 1328 fortissime
836 1272 993 1341 Teucrum,

147 1368 266 1442 accipio
281 1386 470 1443 agnoscoque
485 1368 578 1426 libens
593 1372 598 1426 l
641 1370 683 1428 Ut
698 1369 787 1428 verba
799 1370 929 1444 parentis

148 1477 179 1522 et
193 1484 300 1522 vocem
315 1465 459 1523 Anchisae
475 1468 574 1542 magni
588 1467 759 1542 voltumque
773 1466 932 1526 recordor!

148 1565 229 1621 Nam
246 1564 366 1621 memini
383 1565 535 1624 Hesionae
551 1565 694 1624 visentem
708 1584 800 1641 regna
813 1567 918 1624 sororis

118 1687 122 1693 ·
148 1661 426 1720 Laomedontiaden
442 1664 598 1735 Priamum,
615 1664 761 1722 Salamina
774 1673 935 1739 petentem,

147 1760 284 1834 protinus
298 1760 443 1818 Arcadiae
459 1761 572 1836 gelidos
587 1762 710 1820 invisere
725 1762 799 1819 finis

147 1859 228 1914 Tum
243 1857 315 1914 mihi
329 1859 423 1933 prima
436 1877 526 1935 genas
541 1860 666 1918 vestibat
680 1859 750 1917 flore
766 1861 906 1930 iuventas,

147 1955 334 2031 mirabarque
349 1954 441 2014 duces
455 1959 597 2028 Teucros,
612 1958 738 2014 mirabar
752 1967 782 2014 et
796 1957 892 2032 ipsum

149 2053 435 2126 Laomedontiaden,
450 2055 503 2113 sed
519 2057 633 2113 cunctis
648 2056 731 2113 altior
746 2056 806 2113 ibat

147 2151 311 2209 Anchises:
335 2153 405 2210 mihi
422 2172 504 2211 mens
520 2155 644 2211 iuvenali
659 2153 782 2211 ardebat
796 2172 895 2211 amore

147 2249 327 2323 compellare
342 2251 434 2308 virum
450 2261 479 2308 et
495 2251 614 2309 dextrae
632 2252 811 2326 coniungere
826 2251 969 2309 dextram.

147 2348 270 2404 Accessi
285 2358 314 2404 et
324 2348 454 2424 'cupidus
471 2349 581 2407 Phenei
597 2349 651 2406 sub
666 2350 784 2406 moenia
797 2347 876 2406 duxi.

148 2446 202 2502 IIIe
218 2445 288 2502 mihi
303 2447 446 2520 insignem
462 2449 627 2522 pharetram
645 2447 806 2521 Lyciasque
822 2447 939 2521 sagittas

147 2541 305 2600 discedens
321 2544 567 2619 chlamydemque
584 2563 654 2602 auro
669 2543 753 2602 dedit
770 2545 951 2602 intertextam

145 2641 287 2714 frenaque
302 2642 371 2699 bina
386 2660 468 2700 meus
482 2661 558 2717 quae
574 2660 653 2699 nunc
669 2642 757 2700 habet
772 2660 860 2698 aurea
875 2643 975 2699 Pallas.

146 2739 226 2812 Ergo
242 2748 270 2794 et
286 2757 374 2813 quam
390 2740 487 2814 petitis
504 2741 603 2797 iuncta
619 2750 662 2800 est
678 2740 748 2797 mihi
765 2739 883 2796 foedere
898 2739 1008 2810 dextra,

144 2845 175 2892 et
190 2837 239 2892 lux
253 2854 322 2894 cum
336 2838 462 2911 primum
478 2838 560 2894 terris
576 2856 607 2896 se
624 2839 750 2896 crastina
763 2837 876 2910 reddet,

144 2933 252 2990 auxilio
267 2934 358 2992 laetos
374 2933 520 2993 dimittam
536 2938 701 3012 opibusque
716 2937 830 2995 iuvabo.

145 3033 263 3087 Interea
279 3049 361 3089 sacra
376 3032 459 3103 haee,
476 3033 596 3108 quando
612 3035 670 3092 huc
685 3037 803 3093 venistis
817 3036 913 3105 amici,

142 3147 249 3198 annua,
265 3148 340 3204 quae
355 3129 469 3189 differre
488 3135 577 3204 nefas,
594 3135 739 3192 celebrate
755 3135 884 3191 faventes

142 3226 298 3284 nobiscum
313 3236 342 3284 et
356 3228 414 3286 iam
430 3249 509 3289 nunc
530 3234 677 3291 sociorum
692 3233 857 3291 adsuescite
871 3234 999 3293 mensis!

184 3325 271 3380 Haec
287 3325 336 3382 ubi
350 3325 438 3399 dicta,
458 3329 549 3404 dapes
568 3332 647 3389 iubet
662 3341 691 3389 et
705 3333 819 3390 sublata
832 3333 935 3407 reponi

141 3422 250 3494 pocula
263 3425 471 3501 gramineoque
492 3428 568 3485 viros
583 3428 661 3486 locat
678 3430 741 3505 ipse
756 3428 839 3487 sedili

139 3519 391 3598 praecipuumque
410 3535 473 3582 toro
490 3536 518 3581 et
534 3526 625 3583 villosi
642 3527 717 3602 pelle
732 3527 824 3585 leonis

137 3617 249 3691 accipit
264 3622 387 3678 Aenean
404 3622 535 3697 solioque
551 3623 651 3681 invitat
667 3643 784 3682 acern0.

137 3715 216 3772 Tum
232 3716 301 3774 lecti
319 3718 436 3776 iuvenes
452 3721 583 3776 certatim
600 3739 724 3796 araeque
740 3722 877 3781 sacerdos

246 3833 278 3868 1⁵⁵
294 3837 415 3894 adgnosco.
433 3838 461 3882 R.
551 3838 582 3871 1⁶⁰
600 3840 702 3885 iuventa.
719 3842 750 3885 H.
840 3841 870 3873 1⁸⁷
889 3843 1021 3888 intertexto.
1038 3845 1093 3890 Eds.
