2742 4284
122 319 255 386 1x.770.]
420 309 599 374 Pandarus
626 309 699 372 and
723 309 862 374 Turnus.

121 499 232 555 emicat
247 505 277 554 et
292 496 392 554 mortis
408 497 550 554 fraternae
566 493 694 553 fervidus
709 495 750 552 ira

121 595 244 653 effatur:
269 595 358 653 ‘Non
373 594 447 652 haec
462 591 566 652 dotalis
581 593 660 668 regia
675 595 807 663 Amatae,

120 713 179 753 nec
194 693 284 753 muris
299 693 419 753 cohibet
432 692 532 769 patriis
547 691 648 750 media
662 691 760 750 Ardea
774 694 915 751 Turnum.

122 795 229 853 Castra
241 791 361 850 inimica
373 789 475 864 vides;
497 789 575 848 nulla
590 789 659 847 hine
676 790 754 848 exire
769 793 920 865 potestas!

121 891 182 950 Olli
193 888 348 949 subridens
362 888 466 948 sedato
481 897 601 964 pectore
619 888 735 946 Turnus
748 909 754 945 :
951 959 954 962 ἢ

122 989 257 1065 ‘Incipe,
273 989 359 1064 siqua
372 988 472 1046 animo
486 987 583 1056 virtus,
600 996 629 1044 et
647 1003 770 1045 consere
785 986 936 1045 dextram:

121 1087 172 1145 hic
187 1087 278 1146 etiam
292 1087 444 1145 inventum
460 1086 574 1144 Priamo
591 1085 720 1144 narrabis
735 1085 899 1143 Achillem!

122 1185 255 1244 Dixerat.
299 1185 352 1242 Ille
367 1183 471 1242 rudem
487 1182 572 1242 nodis
586 1192 616 1242 et
632 1184 741 1242 cortice
757 1182 850 1241 crudo

101 1295 104 1301 '
122 1284 274 1358 intorquet
289 1283 409 1340 summis
425 1281 549 1340 adnixus
563 1281 670 1340 viribus
686 1281 818 1338 hastam:

123 1398 270 1457 excepere
286 1398 372 1439 aurae
387 1380 509 1454 volnus;
533 1380 666 1438 Saturnia
682 1381 759 1437 Iuno

123 1477 249 1537 detorsit
263 1478 393 1550 veniens,
409 1487 570 1553 portaeque
585 1477 713 1552 infigitur
728 1477 819 1535 hasta.

124 1580 182 1635 ‘At
197 1595 258 1635 non
273 1576 332 1634 hoc
347 1576 446 1647 telum,
462 1593 529 1633 mea
543 1572 624 1650 quod
639 1575 667 1632 vi
682 1574 803 1633 dextera
816 1586 919 1645 versat,

123 1674 247 1750 effugies
259 1695 267 1745 ;
290 1691 387 1749 neque
402 1673 482 1730 enim
496 1673 520 1730 is
534 1673 583 1730 teli
598 1691 654 1730 nec
669 1672 796 1731 volneris
810 1674 931 1730 auctor!

124 1773 173 1830 Sic
188 1772 227 1829 ait
243 1781 272 1829 et
286 1771 432 1830 sublatum
446 1770 503 1829 alte
519 1771 669 1845 consurgit
683 1771 714 1828 in
729 1789 832 1829 ensem

124 1881 155 1928 et
169 1869 300 1927 mediam
315 1870 391 1927 ferro
406 1868 524 1944 gemina
540 1869 614 1926 inter
628 1878 763 1943 tempora
777 1869 903 1926 frontem

124 1967 232 2026 dividit
246 1967 430 2042 inpubesque
445 1966 567 2024 immani
582 1967 700 2024 volnere
715 1967 814 2023 malas.

126 2065 174 2123 Fit
188 2083 287 2136 sonus,
303 2063 413 2140 ingenti
428 2081 574 2122 concussa
588 2073 633 2121 est
647 2063 780 2138 pondere
795 2064 898 2122 tellus:

124 2162 285 2237 conlapsos
299 2171 376 2220 artus
391 2171 480 2236 atque
495 2179 575 2219 arma
590 2170 712 2219 ementa
726 2162 848 2221 cerebro

124 2260 228 2320 sternit
243 2259 325 2318 humi
338 2260 476 2330 moriens,
492 2268 579 2333 atque
595 2259 633 2315 illi
649 2259 778 2334 partibus
793 2260 894 2334 aequis

125 2360 186 2417 huc
201 2367 291 2434 caput
304 2366 393 2433 atque
408 2357 476 2415 illuc
491 2375 593 2415 umero
608 2375 645 2414 ex
659 2366 785 2432 utroque
800 2357 952 2432 pependit.

125 2456 292 2532 Diffugiunt
306 2455 380 2513 versi
395 2455 510 2531 trepida
524 2454 679 2513 formidine
694 2455 807 2512 Troes:

126 2564 157 2613 et
171 2553 196 2612 si
211 2553 354 2611 continuo
367 2553 511 2611 victorem
524 2571 561 2611 ea
574 2571 644 2610 cura
657 2553 791 2624 subisset,

125 2670 264 2727 rumpere
279 2651 404 2708 claustra
419 2669 506 2708 manu
523 2651 678 2725 sociosque
694 2650 850 2708 immittere
864 2651 964 2724 portis,

125 2750 246 2808 ultimus
260 2749 306 2806 ille
322 2748 384 2806 dies
400 2748 479 2806 bello
494 2749 632 2823 gentique
648 2748 768 2820 suisset3

126 2848 182 2908 sed
197 2848 276 2922 furor
291 2845 443 2904 ardentem
457 2845 616 2920 caedisque
632 2846 735 2904 insana
748 2845 859 2921 cupido

127 2945 188 3022 egit
203 2945 234 3003 in
248 2943 395 3003 adversos.

128 3043 278 3119 Principio
294 3041 437 3101 Phalerim
452 3052 482 3100 et
497 3042 613 3100 succiso
628 3040 741 3117 poplite
756 3043 862 3117 Gygen

128 3143 258 3217 excipit;
281 3140 350 3198 hinc
364 3150 460 3216 raptas
476 3140 653 3216 fugientibus
668 3139 772 3214 ingerit
786 3138 882 3197 hastas

127 3241 158 3299 in
173 3249 298 3316 tergum,
316 3239 391 3296 Iuno
405 3238 480 3296 vires
495 3237 684 3312 animumque
701 3237 861 3308 ministrat;

128 3337 213 3396 addit
228 3337 338 3412 Halym
354 3335 494 3394 comitem
510 3345 539 3393 et
554 3335 670 3393 confixa
686 3335 805 3410 Phegea
818 3353 926 3410 parma,

128 3438 245 3512 ignaros
261 3433 370 3492 deinde
384 3431 415 3491 in
430 3432 518 3491 muris
534 3434 719 3508 Martemque
735 3433 837 3491 cientis

128 3531 369 3606 Alcandrumque
384 3531 565 3605 Haliumque
581 3531 798 3605 Noemonaque
813 3531 1029 3606 Prytanimque.

130 3632 251 3706 Lyncea
264 3628 437 3687 tendentem
453 3637 556 3686 contra
570 3627 727 3702 sociosque
741 3638 897 3686 vocantem

129 3725 252 3786 vibranti
267 3724 365 3802 gladio
381 3725 503 3783 conixus
518 3724 557 3783 ab
570 3741 676 3800 aggere
692 3725 794 3784 dexter

131 3833 276 3899 occupat;
300 3822 369 3880 huic
383 3839 445 3879 uno
460 3819 614 3880 desectum
629 3821 796 3880 comminus
811 3823 870 3879 ictu
