2742 4284
162 271 222 349 176
455 271 592 334 Former
614 271 735 334 Omens
757 271 920 354 Fulfilled.
1053 280 1208 343 [Gmucros.

157 456 246 531 ipsius
261 456 291 513 in
306 457 384 514 voltu
400 457 493 514 varios
508 475 601 514 errare
618 458 750 515 colores:

157 553 306 611 caeruleus
323 555 449 628 pluviam
465 553 627 625 denuntiat,
643 556 746 630 igneus
760 556 874 627 Euros;

156 651 202 708 sin
216 651 346 709 maculae
362 652 503 727 incipient
517 653 601 709 rutilo
616 653 806 711 immiscerier
819 653 887 728 igni,

156 749 255 806 omnia
269 759 332 806 tum
346 750 452 824 pariter
466 759 554 808 vento
568 750 735 824 nimbisque
749 750 861 809 videbis

156 846 274 904 fervere.
318 847 387 904 Non
404 847 450 904 illa
465 848 622 923 quisquam
636 865 684 905 me
700 859 789 906 nocte
803 866 856 923 per
870 849 960 906 altum

156 945 196 1002 ire
212 962 307 1019 neque
323 963 341 1001 a
354 955 429 1002 terra
443 956 560 1003 moveat
575 946 738 1004 convellere
754 947 864 1003 funem.

156 1045 193 1099 At
207 1043 240 1114 si,
256 1061 323 1100 cum
339 1044 500 1118 reseretque
515 1042 595 1101 diem
610 1043 780 1119 condetque
794 1045 927 1115 relatum,

72 1202 74 1208 ,
155 1139 269 1198 lucidus
283 1141 361 1198 orbis
376 1142 437 1212 erit,
453 1142 555 1198 frustra
569 1143 715 1199 terrebere
729 1143 845 1212 nimbis,

156 1247 185 1294 et
199 1238 278 1295 claro
292 1238 376 1296 silvas
391 1256 493 1296 cernes
508 1240 644 1313 aquilone
658 1240 779 1298 moveri.

157 1336 293 1410 Denique
308 1336 378 1411 quid
393 1354 498 1411 vesper
511 1355 591 1394 serus
605 1338 701 1409 vehat,
716 1337 796 1395 unde
810 1355 927 1396 serenas

154 1444 257 1491 ventus
273 1444 339 1508 agat
354 1435 456 1506 nubes,
472 1434 542 1509 quid
559 1437 668 1510 cogitet
683 1436 800 1493 umidus
815 1445 919 1507 auster,

155 1532 198 1589 sol
211 1532 264 1589 tibi
279 1532 361 1606 signa
375 1532 466 1590 dabit.
508 1533 605 1591 Solem
621 1534 686 1607 quis
701 1533 800 1591 dicere
815 1534 918 1591 falsum

154 1628 282 1687 audeat?
324 1630 376 1687 llle
392 1631 479 1687 etiam
495 1649 601 1689 caecos
616 1632 723 1689 instare
738 1632 877 1689 tumultus

154 1746 242 1803 saepe
257 1739 358 1786 monet
373 1728 564 1803 fraudemque
580 1740 609 1786 et
624 1740 727 1805 operta
740 1742 905 1788 tumescere
920 1731 1003 1788 bella.

155 1827 207 1884 Ille
223 1827 310 1884 etiam
326 1827 457 1884 extincto
472 1828 623 1885 miseratus
639 1829 764 1886 Caesare
781 1830 918 1898 Romam,

154 1943 222 1982 cum
237 1935 326 1998 caput
341 1925 465 1982 obscura
476 1918 604 1984 'nitidum
620 1926 764 2001 ferrugine
779 1928 859 1997 texit,

153 2023 301 2097 impiaque
316 2032 465 2080 aeternam
480 2024 638 2080 timuerunt
653 2025 769 2082 saecula
782 2035 912 2082 noctem.

153 2121 300 2196 Tempore
316 2138 494 2194 quamquam
508 2121 557 2178 illo
573 2122 655 2178 tellus
671 2140 792 2197 quoque
807 2132 836 2180 et
850 2140 979 2196 aequora
993 2122 1075 2196 ponti

153 2218 358 2293 obscenaeque
375 2236 462 2276 canes
478 2219 720 2294 importunaeque
735 2221 867 2277 volucres

153 2317 235 2392 signa
248 2316 366 2374 dabant.
412 2317 557 2390 Quotiens
571 2317 737 2392 Cyclopum
752 2318 888 2374 effervere
903 2318 933 2375 in
948 2335 1033 2391 agros

152 2414 276 2472 vidimus
292 2414 452 2472 undantem
467 2416 557 2489 ruptis
572 2416 738 2474 fornacibus
752 2413 887 2486 Aetnam,

152 2513 392 2587 flammarumque
407 2513 510 2588 globos
525 2514 739 2588 liquefactaque
753 2514 870 2572 volvere
885 2532 954 2571 saxa
967 2517 973 2571 l

152 2621 306 2669 Armorum
321 2611 448 2668 sonitum
463 2620 525 2668 toto
541 2612 700 2669 Germania
714 2612 797 2669 caelo

152 2708 252 2778 audiit,
267 2709 387 2766 insolitis
403 2718 582 2766 tremuerunt
596 2710 724 2766 motibus
740 2711 838 2784 Alpes.

151 2808 217 2864 Vox
232 2825 350 2880 quoque
365 2825 418 2881 per
432 2806 513 2863 lucos
527 2808 613 2882 volgo
629 2806 766 2864 exaudita
781 2807 890 2865 silentis

153 2905 264 2980 ingens,
279 2915 309 2960 et
323 2904 476 2960 simulacra
490 2903 585 2961 modis
600 2905 738 2979 pallentia
753 2905 831 2962 miris

151 3002 213 3058 visa
226 3002 281 3059 sub
295 3002 452 3059 obscurum
467 3003 570 3072 noctis,
586 3001 777 3077 pecudesque
793 3004 917 3073 locutae,

152 3099 313 3169 infandum,
329 3100 432 3157 sistunt
446 3118 548 3156 amnes
563 3110 714 3174 terraeque
730 3099 895 3170 dehiscunt,

152 3207 181 3254 et
195 3207 338 3254 maestum
355 3197 515 3255 inlacrimat
529 3197 645 3272 templis
660 3199 732 3256 ebur
746 3217 871 3273 aeraque
887 3197 1002 3256 sudant.
1157 3196 1203 3249 ⁴⁸0

153 3295 260 3352 Proluit
275 3295 377 3353 insano
392 3306 589 3370 contorquens
604 3297 712 3353 vertice
728 3297 811 3354 silvas

151 3393 303 3452 fluviorum
317 3412 367 3452 rex
383 3392 537 3465 Eridanus,
554 3411 734 3469 camposque
749 3412 802 3469 per
815 3413 919 3452 omnes

152 3511 219 3549 cum
234 3492 353 3549 stabulis
369 3501 499 3549 armenta
512 3491 584 3549 tulit.
628 3493 694 3550 Nee
709 3502 841 3566 tempore
856 3492 965 3550 eodem

151 3590 276 3648 tristibus
291 3599 340 3647 aut
354 3590 426 3647 extis
441 3589 530 3647 fibrae
545 3607 684 3664 apparere
701 3591 831 3648 minaces

150 3698 200 3745 aut
215 3687 308 3763 puteis
324 3706 441 3745 manare
457 3706 542 3746 cruor
556 3688 689 3758 cessavit,
705 3698 735 3745 et
749 3689 824 3745 altae

597 3816 630 3849 ⁴⁵⁷
642 3818 677 3863 ab.
693 3818 752 3864 Eds.
