2742 4284
109 331 140 380 X.
155 330 224 396 188.]
466 321 544 386 List
565 324 606 406 os
622 325 811 388 Etruscam.

106 509 232 565 classem
247 507 422 568 conscendit
436 508 518 566 iussis
533 527 605 584 gens
621 509 714 585 Lydia
727 508 838 579 divom,

106 615 228 664 externo
242 607 401 664 commissa
414 606 492 664 duci.
536 607 647 664 Aeneia
662 607 769 681 puppis

104 704 198 777 prima
213 715 302 776 tenet,
318 715 410 763 rostro
426 705 565 780 Phrygios
580 705 735 762 subiuncta
751 704 862 775 leones,

103 799 238 858 imminet
254 802 310 859 Ida
324 821 419 878 super,
436 802 563 877 profugis
579 802 743 876 gratissima
755 800 886 861 Teucris.

106 899 166 956 Hic
180 918 304 975 magnus
319 900 403 958 sedet
418 903 532 958 Aeneas
548 918 708 974 secumque
723 900 835 958 volutat

104 1007 225 1054 eventus
240 998 307 1056 belli
321 999 423 1068 varim,
441 999 590 1072 Pallasque
605 998 720 1056 sinistro

102 1094 217 1153 adfixus
232 1096 312 1153 lateri
327 1097 385 1152 iam
400 1097 511 1170 quaerit
526 1095 630 1166 sidera,
646 1114 758 1171 opacae

102 1195 198 1250 noctis
214 1195 275 1265 iter,
291 1195 348 1251 iarn
364 1212 439 1268 quae
454 1212 556 1269 passus
571 1204 704 1268 terraque
720 1198 860 1271 marique.

142 1292 268 1349 Pandite
283 1311 361 1349 nunc
379 1292 534 1360 Helicona,
550 1291 634 1363 deae,
650 1304 812 1369 cantusque
828 1308 953 1369 movete,

102 1407 178 1463 quae
193 1409 297 1448 manus
312 1391 421 1448 interea
436 1392 540 1448 Tuscis
556 1392 712 1449 comitetur
726 1394 764 1452 ab
778 1395 835 1453 oris

101 1490 224 1546 Aenean
239 1499 388 1563 armetque
403 1499 478 1546 rates
494 1490 657 1564 pelagoque
673 1491 801 1550 vehatur.

142 1587 288 1644 Massicus
304 1598 403 1644 aerata
416 1587 553 1662 princeps
569 1599 649 1645 secat
664 1607 792 1663 aequora
806 1591 889 1665 tigri:

100 1686 156 1743 sub
172 1703 234 1759 quo
250 1684 326 1742 mille
342 1703 445 1742 manus
460 1686 607 1755 iuvenum,
623 1687 674 1760 qui
689 1689 807 1745 moenia
821 1688 902 1746 Clusi

100 1784 210 1857 quique
225 1783 327 1840 urbem
341 1783 450 1857 liquere
466 1785 568 1854 Cosas,
584 1785 648 1857 quis
663 1786 721 1841 tela
734 1787 854 1859 sagittae

100 1882 254 1956 gorytique
269 1881 346 1940 leves
361 1882 467 1940 umeris
483 1892 513 1938 et
528 1881 621 1940 letifer
636 1901 729 1939 arcus.

100 1981 169 2038 Una
183 1989 282 2037 torvus
297 1980 392 2037 Abas:
417 1981 483 2037 huic
499 1989 594 2037 totum
608 1979 768 2054 insignibus
783 1982 870 2039 annis

100 2095 207 2152 agmen
223 2087 253 2134 et
267 2088 366 2134 aurato
381 2077 509 2152 fulgebat
525 2077 659 2152 Apolline
675 2078 793 2152 puppis.

100 2177 257 2233 Sescentos
272 2174 310 2232 illi
326 2173 448 2242 dederat
464 2174 626 2248 Populonia
641 2185 734 2232 mater

100 2284 237 2348 expertos
252 2272 318 2330 belli
334 2272 462 2342 iuvenes,
478 2283 522 2330 ast
538 2271 598 2328 Ilva
612 2281 759 2330 trecentos

99 2372 194 2428 insula
207 2369 386 2428 inexhaustis
402 2369 566 2442 Chalybum
584 2387 725 2443 generosa
740 2372 872 2430 metallis.

98 2470 215 2527 Tertius
231 2469 277 2525 ille
293 2467 446 2525 hominum
461 2467 620 2540 divomque
639 2468 778 2542 interpres
796 2470 897 2540 Asilas,

98 2569 147 2625 cui
161 2566 313 2642 pecudum
328 2566 427 2634 fibrae,
443 2564 517 2622 caeli
531 2565 579 2622 cui
593 2564 688 2622 sidera
703 2577 806 2638 parent

98 2677 127 2724 et
140 2666 259 2740 linguae
274 2666 424 2722 volucrum
440 2674 469 2720 et
483 2663 614 2738 praesagi
632 2663 757 2720 fulminis
772 2665 861 2739 ignes,

98 2765 177 2823 mille
193 2764 268 2838 rapit
283 2764 391 2820 densos
406 2763 469 2820 acie
484 2773 572 2836 atque
591 2761 774 2819 horrentibus
790 2762 886 2821 hastis

66 2856 69 2862 ’
100 2865 167 2921 Hos
182 2881 284 2938 parere
299 2863 401 2921 iubent
415 2862 546 2937 Alpheae
562 2861 599 2917 ab
614 2859 725 2934 origine
741 2860 833 2930 Pisae,

98 2963 167 3020 urbs
183 2963 307 3019 Etrusca
321 2962 393 3020 solu.
437 2961 572 3035 Sequitur
586 2957 798 3034 pulcherrimus
815 2961 907 3029 Astur,

100 3064 187 3118 Astur
201 3078 279 3134 equo
295 3060 390 3117 fidens
405 3071 434 3117 et
449 3058 669 3116 versicoloribus
685 3056 780 3113 armis,

98 3161 279 3218 Tercentum
294 3159 425 3216 adiciunt
444 3158 542 3234 (mens
558 3156 693 3214 omnibus
710 3174 768 3212 una
782 3154 941 3227 sequendi)

99 3259 150 3333 qui
166 3258 290 3317 Caerete
305 3257 405 3328 domo,
421 3260 552 3333 quisunt
569 3260 709 3318 Minionis
725 3260 755 3317 in
770 3256 853 3326 arvis

99 3367 129 3414 et
144 3356 229 3430 Pyrgi
245 3364 356 3413 veteres
371 3356 623 3431 intempestaeque
640 3359 806 3416 Graviscae.

141 3453 213 3510 Non
229 3472 284 3528 ego
298 3463 338 3522 te,
356 3455 492 3529 Ligurum
509 3454 613 3512 ductor
627 3457 781 3514 fortissime
795 3457 881 3524 bello,

100 3551 272 3620 transierim,
289 3552 404 3626 Cinyre,
421 3562 450 3609 et
464 3553 565 3626 paucis
581 3554 718 3612 comitate
734 3555 866 3629 Cupavo,

100 3649 185 3705 cuius
200 3648 328 3706 olorinae
343 3657 463 3723 surgunt
477 3649 515 3709 de
529 3651 637 3708 vertice
653 3669 777 3725 pennae,

100 3745 223 3815 crimen,
239 3748 337 3815 Amor,
353 3755 481 3804 vestrum
495 3746 664 3822 formaeque
679 3748 792 3824 insigne
808 3761 955 3825 paternae.

198 3873 230 3909 10⁹
247 3875 332 3931 coryti.
354 3875 386 3920 H.
503 3875 535 3908 ¹⁷⁰
551 3875 579 3920 ab
590 3877 698 3923 omitted.
718 3877 746 3923 R.
869 3879 901 3913 ¹⁸⁸
917 3882 1009 3937 Cinyra.
1030 3880 1064 3927 H.
