2742 4284
175 303 218 369 06
401 300 511 402 Death
533 300 605 362 and
624 298 790 380 Proolrecy
811 302 852 384 of
871 299 1000 364 Orodes.
1103 310 1224 374 [AEnsm.

176 499 304 548 sternere
319 506 375 547 nec
390 488 466 545 iacta
480 506 602 546 caecum
618 486 688 545 dare
703 485 825 563 cuspide
840 487 960 546 volnus:
982 535 986 540 .

176 587 279 648 obvius
293 586 474 661 adversoque
489 585 615 643 occurrit
629 604 720 660 seque
734 586 796 643 viro
809 586 852 643 vir

176 685 308 757 contulit,
324 683 402 742 haud
418 684 494 742 furto
508 684 619 755 melior,
635 683 688 742 sed
703 685 823 742 fortibus
837 686 932 742 armis.

176 787 252 843 Tum
269 801 357 859 super
370 782 517 840 abiectum
532 782 629 857 posito
644 781 722 856 pede
737 782 822 840 nixus
836 791 865 839 et
880 783 978 840 hasta:

177 886 263 941 ‘Pars
278 881 345 940 belli
360 880 439 938 haud
454 878 622 949 temnenda,
638 879 698 951 viri,
714 879 790 938 iacet
802 880 877 938 altus
891 880 1026 940 Orodes!

177 981 373 1042 Conclamant
387 979 459 1036 socii
473 978 582 1035 laetum
596 996 711 1054 paeana
724 977 826 1038 secuti

177 1079 229 1138 Ille
245 1089 343 1136 autem
358 1077 525 1152 exspirans:
548 1076 637 1133 ‘Non
653 1095 710 1146 me,
725 1077 903 1153 quicumque
917 1095 958 1148 es,
973 1078 1073 1147 inulto,

177 1178 277 1248 victor,
293 1194 349 1233 nec
363 1175 484 1250 longum
498 1174 662 1232 laetabere:
686 1184 715 1232 te
731 1192 849 1250 quoque
863 1175 921 1233 sata
1185 1185 1228 1228 740

177 1282 367 1352 prospectant
381 1273 461 1348 paria
475 1283 562 1346 atque
578 1261 684 1329 eadem
699 1291 769 1330 mox
781 1292 849 1330 arva
863 1274 994 1331 tenebis!

177 1372 225 1431 Ad
238 1390 314 1447 quae
329 1370 481 1428 subridens
496 1371 586 1427 mixta
601 1371 765 1428 Mezentius
779 1372 821 1428 ira
833 1393 838 1428 :

178 1471 287 1529 ‘Nunc
302 1487 425 1528 morere..
468 1470 523 1526 Ast
538 1467 576 1525 de
591 1488 640 1526 me
655 1467 755 1527 divom
768 1478 852 1544 pater
864 1478 952 1544 atque
968 1469 1119 1527 hominum
1134 1488 1185 1526 rex

177 1568 299 1627 viderit!
343 1569 413 1625 Hoc
429 1566 530 1624 dicens
546 1565 647 1624 eduxit
661 1585 785 1642 corpore
801 1567 909 1624 telum:

178 1667 226 1725 olli
241 1666 314 1724 dura
328 1665 410 1741 quies
426 1665 527 1723 oculos
542 1674 572 1722 et
586 1666 695 1722 ferreus
709 1675 792 1740 urget
1186 1676 1229 1720 745

177 1783 307 1836 somnus,
323 1764 353 1820 in
367 1773 516 1821 aeternam
531 1762 707 1821 clauduntur
720 1750 830 1820 lumina
843 1772 971 1821 noctem.

218 1861 365 1921 Caedicus
379 1860 555 1919 Alcathoum
569 1861 733 1931 obtruncat,
749 1861 882 1919 Sacrator
898 1859 1060 1936 Hydaspen

178 1959 423 2038 IJartheniumque
440 1961 526 2034 Rapo
542 1967 571 2016 et
585 1956 763 2034 praedurum
776 1958 883 2016 viribus
899 1959 1002 2027 Orsen,

178 2061 332 2132 Messapus
348 2057 547 2132 Croniumque
563 2056 805 2132 Lycaoniumque
821 2056 1004 2127 Erichaeten,

177 2158 257 2214 illum
271 2154 388 2212 infrenis
404 2155 471 2228 equi
486 2154 567 2228 lapsu
583 2155 682 2211 tellure
697 2154 852 2225 iacentem,

178 2255 256 2312 hunc
271 2251 412 2327 peditem.
457 2251 551 2309 Pedes
566 2262 596 2309 et
611 2252 717 2327 Lycius
732 2260 916 2326 processerat
929 2252 1007 2326 Agis,

179 2371 267 2428 quem
281 2361 380 2408 tamen
397 2348 476 2407 haud
491 2367 594 2425 expers
609 2350 731 2407 Valerus
745 2350 855 2407 virtutis
869 2350 962 2407 avitae

178 2450 286 2520 deicit;
309 2458 338 2506 at
354 2449 516 2505 Thronium
534 2447 624 2506 Salius
639 2447 807 2522 Saliumque
823 2448 949 2504 Nealces

178 2547 298 2618 insidiis,
314 2547 409 2604 iaculo
424 2556 453 2604 et
468 2547 554 2620 longe
572 2545 688 2602 fallente
704 2545 815 2619 sagitta.

219 2648 284 2703 Iam
297 2644 389 2719 gravis
404 2643 549 2718 aequabat
564 2644 658 2700 luctus
673 2653 702 2700 et
716 2652 816 2700 mutua
833 2645 949 2701 Mavors

178 2746 297 2803 funera:
322 2741 484 2799 caedebant
500 2742 606 2816 pariter
620 2741 785 2816 pariterque
800 2742 923 2800 ruebant

178 2843 303 2900 victores
317 2840 453 2914 victique,
469 2857 566 2914 neque
582 2839 626 2897 his
641 2840 710 2914 suga
724 2849 795 2897 nota
808 2859 905 2915 neque
919 2840 981 2897 illis.

179 2940 218 2998 Di
233 2939 311 2997 Iovis
327 2938 354 2994 in
370 2938 454 2994 tectis
471 2937 542 2994 iram
557 2938 729 2995 miserantur
744 2939 860 2995 inanem
1042 2930 1045 2936 ¹

179 3038 330 3094 amborum
346 3045 375 3093 et
389 3045 486 3094 tantos
501 3038 669 3094 mortalibus
686 3055 749 3094 esse
765 3038 895 3095 labores:

180 3134 247 3191 hinc
262 3136 371 3205 Venus,
387 3134 456 3191 hinc
472 3144 573 3192 contra
589 3145 702 3210 spectat
718 3135 849 3192 Saturnia
864 3137 949 3206 Iunc,
966 3169 979 3185 ·

179 3231 287 3306 pallida
300 3232 462 3307 Tisiphone
478 3233 576 3292 media
591 3235 665 3292 inter
680 3234 757 3290 milia
772 3234 870 3291 saevit.

180 3333 300 3388 atvero
315 3330 463 3406 ingentem
478 3335 611 3409 quatiens
628 3334 791 3391 Mezentius
806 3332 919 3390 hastam

179 3427 310 3486 turbidus
326 3430 485 3505 ingreditur
499 3452 614 3509 campo.
659 3435 757 3507 Quam
773 3451 895 3507 magnus
910 3432 1011 3501 Orion,

181 3546 248 3585 cum
263 3528 355 3603 pedes
371 3530 483 3590 incedit
498 3532 587 3590 medii
604 3553 656 3608 per
670 3533 796 3590 maxima
812 3531 901 3588 Nerei

180 3637 283 3702 stagna
296 3629 373 3687 viam
389 3630 535 3704 scindens,
551 3650 652 3690 umero
668 3631 866 3707 supereminet
880 3628 973 3687 undas

181 3739 230 3787 aut
244 3730 364 3788 summis
379 3731 508 3788 reserens.
521 3749 662 3790 annosam
677 3730 824 3789 montibus
840 3747 943 3786 ornum

307 3857 339 3891 ⁷⁴⁰
350 3858 469 3903 Ericeten.
487 3857 519 3903 H.
636 3856 670 3890 ⁷⁶1
682 3857 768 3902 Period
780 3856 838 3900 alter
844 3856 922 3913 pedes.
942 3855 976 3901 H.
986 3855 1035 3900 and
1045 3852 1102 3900 Eds.
