2742 4284
130 281 179 330 lx.
192 279 264 345 632]
422 270 588 336 Ascanius
612 271 707 336 Kills
728 263 900 336 'Remulus

130 459 176 516 bis
194 457 271 532 capti
288 457 424 532 Phryges,
441 467 470 514 et
486 459 570 514 morti
585 457 777 532 praetendere
793 458 911 514 muros?

131 557 181 612 En
196 554 247 629 qui
262 565 361 612 nostra
375 556 429 612 sibi
444 555 521 613 bello
536 554 664 612 conubia
678 559 824 630 poscunt!

131 654 207 727 Quis
223 652 296 709 deus
312 651 435 722 Italiam,
451 669 526 726 quae
542 670 593 711 vos
608 651 758 710 dementia
772 651 891 726 adegit?

131 751 204 808 Non
219 749 267 807 hic
283 748 401 807 Atridae
418 767 474 806 nec
488 749 568 806 laudi
583 749 667 808 fictor
681 749 801 808 Ulixes:

131 850 240 907 durum
255 865 272 904 a
286 849 373 923 stirpe
388 865 479 922 genus
494 856 578 906 natos
594 846 632 904 ad
647 846 767 904 flumina
780 847 905 923 primum

130 947 293 1004 deferimus
308 964 454 1021 saevoque
470 946 535 1020 gelu
553 944 691 1002 duramus
706 954 736 1000 et
750 943 845 1012 undis,

129 1055 241 1102 venatu
255 1045 403 1120 invigilant
417 1044 499 1119 pueri
515 1044 657 1118 silvasque
674 1043 804 1118 fatigant,

130 1143 250 1200 flectere
265 1141 350 1200 ludus
366 1161 457 1217 equos
473 1153 502 1200 et
517 1143 628 1217 spicula
643 1141 765 1199 tendere
781 1159 883 1224 cornu,

131 1245 169 1298 At
185 1241 297 1316 patiens
314 1259 436 1315 operum
451 1259 600 1316 parvoque
617 1240 739 1298 adsueta
753 1240 885 1297 iuventus

130 1349 181 1396 aut
196 1340 290 1397 rastris
306 1349 411 1396 terram
427 1339 529 1397 domat
543 1349 593 1396 aut
608 1339 700 1413 quatit
715 1338 826 1413 oppida
839 1338 925 1396 bello.

130 1438 230 1495 Omne
246 1455 349 1494 aevum
365 1438 439 1494 ferro
455 1438 562 1509 teritur,
578 1455 719 1512 versaque
734 1437 890 1494 iuvencum

129 1545 213 1610 terga
226 1535 379 1610 fatigamus
395 1535 495 1606 hasta,
518 1553 574 1592 nec
590 1535 672 1593 tarda
688 1546 823 1592 senectus

129 1631 264 1690 debilitat
278 1633 352 1689 vires
367 1633 456 1689 animi
472 1643 622 1708 mutatque
638 1634 786 1708 vigorem:

129 1730 268 1787 canitiem
283 1731 367 1804 galea
380 1731 547 1804 premimus,
563 1749 738 1806 semperque
752 1731 878 1788 recentis
963 1742 968 1749 '

129 1838 316 1902 comportare
331 1828 408 1884 iuvat
423 1827 547 1902 praedas
563 1837 592 1886 et
606 1829 702 1886 vivere
717 1839 809 1904 raptu.

127 1926 222 1984 Vobis
236 1926 316 2001 picta
331 1944 421 1983 croco
437 1936 466 1982 et
480 1927 601 2002 fulgenti
615 1929 726 1984 murice
739 1928 836 1997 vestis,

128 2023 262 2082 desidiae
277 2023 369 2094 cordi,
385 2025 462 2082 iuvat
478 2023 628 2100 indulgere
644 2025 768 2096 choreis,

127 2131 159 2180 et
173 2123 290 2179 tunicae
306 2123 436 2178 manicas
453 2132 482 2180 et
497 2121 607 2180 habent
621 2122 794 2180 redimicula
808 2123 918 2180 mitrae.

127 2221 156 2278 O
171 2237 239 2276 vere
255 2219 405 2294 Phrygiae,
422 2237 518 2294 neque
534 2220 611 2277 enim
630 2221 765 2294 Phryges,
780 2221 819 2277 ite
834 2221 956 2294 peralta

127 2316 288 2391 Dindyma,
304 2316 352 2374 uhi
369 2315 497 2375 adsuetis
512 2317 636 2376 biforem
652 2317 703 2375 dat
717 2318 788 2375 tibia
801 2322 939 2375 cantum!

125 2416 281 2490 Tympana
295 2433 347 2472 vos
363 2415 514 2488 buxusque
530 2425 616 2473 vocat
631 2415 805 2491 Berecyntia
819 2415 920 2472 Matris

126 2511 256 2570 Idaeae:
279 2511 365 2570 sinite
381 2531 461 2570 arma
476 2513 541 2570 viris
558 2525 587 2570 et
602 2513 699 2570 cedite
714 2513 809 2571 lerro.'

165 2611 250 2668 Talia
263 2611 421 2669 iactantem
437 2610 523 2669 dictis
537 2631 573 2669 ac
588 2611 651 2670 dira
665 2621 822 2668 canentem

123 2727 187 2782 non
202 2709 265 2766 tulit
279 2710 432 2778 Ascanius,
452 2728 602 2785 nervoque
618 2710 757 2768 obversus
771 2709 880 2783 equino

124 2807 279 2865 contendit
295 2808 383 2865 telum
399 2807 570 2882 diversaque
585 2808 724 2866 bracchia
738 2806 850 2864 ducens

123 2905 263 2976 constitit,
278 2913 346 2963 ante
361 2907 463 2963 Iovem
479 2906 603 2981 supplex
618 2924 671 2982 per
683 2915 752 2963 vota
766 2914 918 2978 precatus:

124 3003 277 3078 ‘Iuppiter
290 3004 488 3079 omnipotens,
505 3004 666 3062 audacibus
682 3003 779 3060 adnue
794 3002 916 3076 coeptis.

124 3103 193 3176 Ipse
208 3101 260 3158 tibi
276 3102 314 3160 ad
329 3112 379 3160 tua
393 3102 503 3178 templa
517 3102 607 3160 leram
623 3101 775 3159 sollemnia
790 3100 870 3156 dona

122 3209 152 3257 et
166 3209 293 3258 statuam
308 3210 375 3258 ante
391 3219 453 3258 aras
469 3210 568 3257 aurata
582 3201 675 3257 fronte
691 3199 846 3255 iuvencum

123 3297 302 3356 candentem
316 3299 481 3374 pariterque
497 3309 586 3373 caput
601 3317 670 3355 cum
685 3306 775 3353 matre
791 3297 941 3365 serentem,

122 3397 179 3454 iam
195 3416 289 3454 comu
303 3407 384 3473 petat
399 3407 428 3455 et
443 3397 568 3472 pedibus
583 3397 633 3471 qui
648 3405 763 3471 spargat
779 3394 936 3451 harenam)

120 3494 223 3553 Audiit
239 3505 267 3552 et
283 3495 355 3552 caeli
371 3495 495 3553 Genitor
509 3494 547 3552 de
562 3503 644 3570 parte
659 3511 763 3551 serena

120 3592 250 3650 intonuit
264 3593 389 3663 laevum,
406 3603 491 3650 sonat
504 3612 563 3650 una
577 3592 671 3649 fatifer
686 3609 788 3648 arcus:

122 3689 223 3764 effugit
238 3687 419 3746 horrendum
432 3689 556 3748 stridens
572 3688 702 3747 adducta
715 3688 819 3764 sagitta

324 3816 357 3852 ⁵⁹⁰
371 3819 458 3865 Morti.
481 3820 513 3864 H.
770 3817 803 3850 ⁶2³
820 3817 925 3860 intendit.
947 3815 975 3860 R.
