2742 4284
146 317 193 365 1v.
207 315 259 381 5⁶·]
497 307 645 392 Making
665 309 718 372 the
739 309 854 374 Hives.

145 491 244 549 vicina
258 491 359 551 invitet
373 491 521 552 decedere
536 495 599 570 ripa
613 495 711 566 calori,

146 591 293 665 obviaque
309 589 440 665 hospitiis
455 601 553 649 teneat
567 590 771 651 frondentibus
785 594 879 652 arbos.

148 693 185 748 In
199 688 342 761 medium,
357 707 409 746 seu
424 689 509 748 stabit
524 690 600 747 iners
615 708 667 748 seu
682 690 806 765 profluet
820 709 912 763 umor,

146 800 322 848 transversas
338 787 440 844 salices
457 797 487 844 et
502 786 622 863 grandia
638 788 744 846 conice
759 807 836 859 saxa,

146 888 285 964 pontibus
300 897 332 946 ut
346 885 454 944 crebris
471 887 585 960 possint
601 887 760 944 consistere
774 897 805 943 et
817 887 877 944 alas

145 985 278 1061 pandere
293 985 331 1043 ad
346 985 485 1043 aestivum
503 985 604 1056 solem,
620 985 643 1042 si
658 986 731 1042 sorte
747 985 885 1042 morantis

147 1085 283 1159 sparserit
297 1094 346 1141 aut
360 1100 503 1158 praeceps
520 1084 661 1157 Neptuno
674 1082 837 1140 inmerserit
851 1083 955 1140 Eurus.

149 1184 237 1240 Haec
251 1182 362 1239 circum
376 1181 471 1238 casiae
487 1179 594 1238 virides
609 1189 638 1237 et
653 1180 762 1238 olentia
775 1181 832 1238 late

147 1280 271 1355 serpylla
285 1288 315 1336 et
328 1279 451 1354 graviter
466 1277 599 1353 spirantis
614 1279 702 1352 copia
715 1277 868 1354 thymbrae

147 1377 257 1449 floreat,
272 1377 475 1452 inriguumque
491 1375 591 1433 bibant
605 1375 723 1433 violaria
737 1376 859 1434 sontem.

149 1477 219 1550 Ipsa
232 1484 340 1544 autem,
356 1492 407 1531 seu
423 1473 580 1532 corticibus
595 1473 647 1531 tibi
662 1483 728 1530 suta
741 1473 860 1545 cavatis,

147 1591 200 1631 seu
214 1572 293 1630 lento
307 1571 412 1630 suerint
427 1571 551 1629 alvearia
565 1571 673 1628 vimine
689 1581 776 1642 texta,

147 1680 287 1746 angustos
301 1669 428 1727 habeant
441 1669 556 1727 aditus:
579 1688 648 1726 nam
662 1670 766 1744 frigore
783 1671 869 1728 mella

148 1768 227 1843 cogit
242 1768 365 1842 hiemps,
380 1766 544 1842 eademque
560 1768 640 1825 calor
653 1768 810 1841 liquefacta
823 1769 952 1827 remittit.

148 1866 279 1939 Utraque
295 1865 337 1922 vis
351 1865 454 1940 apibus
469 1865 576 1939 pariter
591 1865 769 1936 metuenda3
791 1884 889 1941 neque
905 1867 968 1924 illae

147 1962 326 2036 nequiquam
340 1963 371 2021 in
385 1963 470 2020 tectis
486 1963 618 2020 certatim
632 1962 731 2022 tenuia
745 1980 814 2020 cera

147 2061 325 2135 spiramenta
340 2059 441 2130 linunt,
457 2060 586 2134 sucoque
601 2068 630 2118 et
645 2059 763 2119 floribus
779 2079 844 2118 oras

146 2158 275 2233 explent,
290 2158 518 2232 coniectumque
535 2157 609 2215 haec
623 2158 688 2233 ipsa
701 2156 741 2215 ad
751 2176 872 2216 munera
886 2159 986 2233 gluten

146 2267 177 2315 et
190 2257 272 2314 visco
287 2266 315 2313 et
331 2256 471 2332 Phrygiae
487 2266 600 2313 servant
615 2256 682 2330 pice
698 2256 802 2314 lentius
820 2256 901 2315 ldae.

146 2355 242 2429 Saepe
257 2355 346 2412 etiam
361 2354 480 2425 effossis,
496 2354 519 2411 si
535 2372 602 2412 vera
616 2365 660 2411 est
675 2355 761 2424 sama,
777 2354 891 2412 latebris

146 2452 201 2510 sub
216 2461 292 2510 terra
304 2453 401 2510 sovere
417 2453 515 2522 larem,
531 2452 706 2526 penitusque
721 2463 853 2527 repertae

146 2550 371 2625 pumicibusque
386 2550 464 2607 cavis
479 2568 642 2625 exesaeque
658 2550 768 2607 arboris
784 2561 876 2609 antro.

146 2649 192 2704 Tu
207 2658 306 2706 tamen
321 2659 349 2705 et
363 2649 419 2705 levi
432 2648 540 2705 rimosa
556 2648 660 2705 cubilia
676 2648 747 2706 limo

146 2764 243 2820 ungue
258 2746 359 2803 fovens
374 2746 493 2816 circum,
510 2756 539 2802 et
554 2763 630 2803 raras
647 2745 812 2820 superinice
829 2745 957 2805 frondes.

147 2844 215 2902 Neu
230 2844 349 2918 propius
364 2843 448 2901 tectis
462 2853 563 2901 taxum
577 2844 649 2915 sine,
665 2861 739 2902 neve
755 2844 883 2902 rubentis

146 2960 197 3000 ure
210 2942 279 3000 foco
294 2959 425 3012 cancroS,
441 2942 515 2998 altae
530 2959 589 2999 neu
606 2941 696 3000 crede
711 2941 820 3018 paludi,

146 3051 196 3098 aut
210 3040 260 3098 ubi
274 3038 349 3098 odor
363 3040 448 3097 caeni
461 3041 554 3114 gravis
570 3050 620 3098 aut
634 3040 685 3098 ubi
701 3059 831 3099 concava
845 3042 930 3116 pulsu
971 3055 978 3066 ·

146 3156 215 3195 saxa
229 3147 334 3195 sonant
348 3136 487 3212 vocisque
502 3135 614 3195 offensa
630 3139 748 3196 resultat
763 3139 868 3214 imago.

187 3233 279 3308 Quod
292 3243 432 3310 superest,
448 3234 498 3293 ubi
513 3236 627 3310 pulsam
642 3236 771 3294 hiemem
787 3236 835 3294 Sol
849 3254 953 3295 aureus
970 3239 1029 3312 egit

145 3333 201 3392 sub
214 3342 303 3390 terras
318 3332 491 3408 caelumque
507 3334 615 3391 aestiva
630 3335 695 3392 luce
710 3335 834 3405 reclusit,

145 3431 209 3488 illae
224 3430 365 3487 continuo
381 3432 469 3490 saltus
484 3431 626 3506 silvasque
642 3441 798 3510 peragrant

144 3545 365 3603 purpureosque
381 3537 494 3586 metunt
508 3528 593 3586 flores
608 3541 637 3586 et
652 3528 771 3587 flumina
785 3530 876 3588 libant

144 3643 260 3684 summa
273 3624 361 3684 leves.
405 3625 486 3683 Hinc
501 3626 601 3684 nescio
616 3645 675 3701 qua
689 3625 846 3685 dulcedine
862 3628 954 3686 laetae

143 3724 315 3800 progeniem
330 3723 474 3797 nidosque
489 3723 598 3795 fovent,
614 3723 682 3782 hinc
697 3733 758 3782 arte
772 3726 897 3782 recentis

567 3853 588 3885 ³⁸
599 3855 764 3912 nequidquam.
780 3855 835 3900 Eds.
