2742 4284
143 326 174 377 x.
186 325 259 391 527.]
466 311 595 380 Turnus
621 313 730 398 Spoils
752 314 880 379 Pallas.

142 501 255 579 largior.
292 503 385 562 Haud
396 503 435 562 illi
449 503 566 561 stabunt
581 502 693 560 Aeneia
706 518 796 577 parvo

141 599 288 676 hospitia!
332 601 371 659 Et
384 601 467 659 laevo
481 599 586 676 pressit
599 598 677 674 pede
691 599 759 657 talia
771 599 847 656 fatus
881 653 884 657 ,

141 697 319 771 exanimem,
334 699 450 774 rapiens
465 696 603 756 immania
617 695 751 772 pondera
765 697 852 754 baltei

140 795 376 871 impressumque
391 796 481 868 nefas,
496 795 623 853 unasub
637 803 726 853 noete
742 793 828 869 iugali

141 910 230 951 caesa
244 912 348 952 manus
362 895 499 952 iuvenum
513 892 602 951 foede
618 892 795 967 thalamique
811 893 933 963 cruenti,

141 1009 217 1066 quae
233 990 345 1050 Clonus
361 990 516 1067 Eurytides
532 991 625 1048 multo
642 989 804 1047 caelaverat
817 1008 908 1063 auro;

125 1107 127 1114 ’
141 1107 200 1163 quo
216 1107 298 1146 nunc
313 1090 427 1146 'l'umus
442 1099 509 1146 ovat
524 1088 618 1162 spolio
634 1087 802 1164 gaudetque
816 1090 935 1165 potitus.

142 1185 253 1244 Nescia
268 1205 350 1244 mens
366 1186 519 1244 hominum
534 1185 583 1243 sati
599 1186 743 1260 sortisque
756 1187 870 1245 futurae

142 1294 171 1341 et
185 1301 300 1341 servare
317 1284 448 1355 modum,
464 1284 549 1342 rebus
566 1284 679 1342 sublata
695 1285 853 1344 secundis!

141 1382 242 1440 Turno
257 1390 373 1458 tempus
389 1383 450 1453 erit,
467 1401 574 1458 magno
591 1400 660 1440 cum
676 1383 819 1459 optaverit
833 1394 965 1459 emptum

141 1481 284 1537 intactum
300 1480 429 1538 Pallanta
444 1490 472 1537 et
489 1498 557 1539 cum
572 1481 665 1556 spolia
681 1481 735 1539 ista
749 1481 888 1556 diemque

142 1576 246 1636 oderit.
290 1580 327 1635 At
341 1579 413 1636 socii
429 1579 521 1636 multo
535 1579 646 1653 gemitu
662 1579 847 1655 lacrimisque

141 1676 301 1750 inpositum
317 1685 401 1733 scuto
415 1676 542 1734 referunt
558 1661 689 1735 Pallanta
701 1677 877 1752 frequentes.

143 1773 169 1831 O
184 1772 271 1831 dolor
284 1783 372 1848 atque
389 1773 479 1832 decus
496 1792 635 1850 magnum
650 1774 778 1833 rediture
792 1778 905 1851 parenti

142 1870 217 1927 haec
231 1881 261 1928 te
276 1872 369 1946 prima
384 1872 447 1930 dies
462 1871 539 1931 bello
556 1871 648 1944 dedit,
664 1872 739 1930 haec
754 1872 859 1931 eadem
873 1874 974 1944 aufert,

142 1986 210 2026 cum
225 1979 326 2028 tamen
340 1969 465 2046 ingentis
480 1971 655 2029 Rutulorum
669 1971 775 2046 linquis
789 1989 918 2029 acervos.

187 2068 253 2126 Nec
269 2069 327 2127 iarn
342 2069 419 2126 sama
434 2069 502 2126 mali
518 2069 598 2140 tanti,
615 2069 668 2127 sed
684 2071 791 2128 certior
804 2079 906 2127 auctor

143 2168 259 2227 advolat
275 2168 403 2238 Aeneae,
418 2168 499 2224 tenui
515 2166 682 2225 discrimine
699 2167 750 2225 leti

143 2285 206 2326 esse
222 2284 300 2337 suos,
316 2265 404 2322 versis
419 2274 535 2339 tempus
554 2283 722 2323 succurrere
737 2266 868 2323 Teucris.

144 2366 281 2425 Proxima
294 2381 429 2438 quaeque
445 2364 529 2420 metit
543 2362 641 2439 gladio
657 2364 806 2439 latumque
821 2381 875 2439 per
888 2383 994 2439 agmen

145 2462 249 2522 ardens
264 2461 385 2519 limitem
400 2461 458 2536 agit
473 2461 557 2533 ferro,
574 2471 612 2533 te,
629 2462 738 2534 Turne,
753 2462 911 2536 superbum

144 2561 237 2621 caede
252 2579 329 2619 nova
344 2579 496 2635 quaerens
540 2560 642 2632 Pallas,
661 2559 809 2633 Euander,
824 2562 854 2617 in
868 2561 937 2636 ipsis

145 2659 244 2719 omnia
258 2670 325 2718 sunt
339 2659 440 2729 oculis,
458 2677 586 2731 mensae,
603 2677 675 2732 quas
691 2658 806 2716 advena
819 2660 926 2734 primas

145 2769 215 2816 tunc
229 2757 310 2829 adiit,
326 2757 505 2832 dextraeque
522 2756 618 2815 datae.
662 2757 802 2815 Sulmone
816 2767 929 2814 creatos

146 2866 283 2932 quattuor
295 2857 344 2914 hic
358 2857 487 2928 iuvenes,
503 2855 635 2927 totidem,
652 2874 726 2930 quos
741 2855 847 2913 educat
862 2855 965 2925 Ufens,

145 2955 266 3014 viventis
280 2955 363 3030 rapit,
380 2955 494 3013 inferias
510 2973 584 3029 quos
599 2954 732 3011 immolet
746 2953 855 3010 umbris

146 3053 322 3128 captivoque
336 3053 398 3128 rogi
413 3051 567 3128 perfundat
583 3051 724 3127 sanguine
739 3051 879 3108 flammas.

147 3151 221 3209 inde
237 3152 329 3226 Mago
343 3151 446 3226 procul
461 3152 606 3209 infensam
621 3149 815 3208 contenderat
829 3149 951 3208 hastam.

147 3249 198 3307 Ille
214 3259 278 3307 astu
292 3249 369 3307 subit
383 3268 418 3306 ac
434 3248 619 3308 tremibunda
636 3250 802 3325 supervolat
817 3247 908 3318 hasta,

147 3358 176 3405 et
191 3365 288 3422 genua
302 3347 482 3422 amplectens
498 3347 599 3405 effatur
614 3348 682 3406 talia
697 3348 838 3423 supplex:

148 3447 221 3503 ‘Per
234 3445 342 3520 patrios
358 3445 451 3502 manis
467 3454 496 3503 et
511 3463 579 3521 spes
594 3446 737 3521 surgentis
752 3447 808 3505 Iuli

146 3552 175 3601 te
190 3560 303 3617 precor,
319 3542 395 3600 hanc
409 3542 536 3601 animam
552 3561 648 3601 serves
662 3553 791 3619 natoque
806 3547 948 3620 patrique.

148 3641 201 3697 Est
216 3639 322 3697 domus
337 3641 401 3711 alta,
418 3641 515 3698 iacent
529 3641 645 3716 penitus
662 3641 778 3700 defossa
792 3644 900 3700 talenta

147 3737 252 3795 caelati
266 3738 385 3812 argenti,
402 3746 468 3795 sunt
483 3738 543 3796 auri
558 3737 693 3814 pondera
707 3740 776 3797 facti

302 3866 336 3900 ⁶12
351 3872 437 3925 tempus
448 3869 527 3913 versis.
548 3869 614 3914 Eds·
794 3872 827 3902 ⁵2¹2
843 3873 1000 3919 tremebunda.
1017 3873 1048 3920 H.
