2742 4284
180 295 240 340 ΧΠ.
254 293 313 353 2⁶5]
442 279 596 357 juturna
622 280 738 343 Shows
761 303 782 341 a
805 280 963 363 Prodigy.

180 466 339 541 fatalesque
356 485 468 536 manus,
484 466 598 523 infensa
614 466 727 523 Etruria
741 467 859 523 Turno:

180 563 229 620 vix
243 564 368 633 hostem,
384 563 484 619 alterni
499 563 522 619 si
537 562 770 638 congrediamur,
787 564 937 621 habemus.

182 661 234 719 Ille
250 660 369 735 quidem
386 659 423 716 ad
438 677 568 734 superos,
584 678 709 734 quorum
725 679 755 718 se
771 661 897 720 devovet
911 662 976 732 aris,

180 757 322 816 succedet
337 758 414 814 fama
427 758 566 832 vivusque
581 776 699 833 perora
713 759 837 818 feretur:

180 875 234 914 nos
250 855 342 931 patria
356 855 461 912 amissa
475 855 602 912 dominis
617 874 718 930 parere
734 857 864 932 superbis

180 972 328 1028 cogemur,
344 953 394 1027 qui
408 971 487 1009 nunc
503 952 573 1009 lenti
588 953 777 1012 consedimus
791 954 884 1012 arvis!

179 1051 299 1108 Talibus
315 1051 434 1108 incensa
448 1059 492 1108 est
507 1050 644 1108 iuvenum
659 1052 804 1108 sententia
816 1051 902 1109 dictis

180 1151 238 1207 iam
254 1149 345 1224 magis
360 1158 446 1223 atque
463 1149 563 1223 magis,
579 1149 725 1224 serpitque
740 1168 793 1225 per
806 1150 922 1225 agmina
936 1168 1085 1221 murmur3

180 1247 236 1323 ipsi
250 1249 409 1306 Laurentes
424 1246 526 1304 mutati
541 1247 654 1321 ipsique
670 1247 774 1305 Latini.
877 1302 880 1309 .

181 1345 240 1418 Qui
254 1345 309 1403 sibi
323 1345 380 1402 iam
395 1345 527 1419 requiem
541 1362 656 1419 pugnae
671 1345 816 1419 rebusque
830 1344 952 1402 salutem

180 1443 345 1518 sperabant,
361 1461 440 1499 nunc
455 1461 535 1500 arma
548 1442 649 1500 volunt
662 1441 826 1517 foedusque
841 1452 997 1517 precantur

180 1542 322 1600 iniectum
337 1551 366 1598 et
380 1541 471 1597 Turni
486 1550 594 1598 sortem
608 1541 780 1598 miserantur
793 1541 931 1615 iniquam.

181 1638 332 1696 His'aliud
347 1639 439 1696 maius
455 1639 575 1695 Iuturna
588 1638 720 1713 adiungit
734 1650 764 1695 et
778 1638 837 1696 alto

181 1737 232 1794 dat
245 1737 360 1812 signum
376 1737 468 1808 caelo,
484 1754 543 1811 quo
558 1754 618 1792 non
633 1737 814 1810 praesentius
829 1737 920 1794 ullum

180 1835 303 1893 turbavit
318 1844 431 1891 mentes
447 1833 534 1892 Italas
549 1844 738 1908 monstroque
753 1833 860 1891 fefellit.

181 1933 317 2007 Namque
332 1932 432 1989 volans
447 1932 533 1989 rubra
547 1931 639 1988 sulvus
655 1932 734 1989 Iovis
748 1932 807 1989 ales
822 1932 852 1989 in
866 1931 967 1990 aethra

179 2031 294 2088 litoreas
309 2030 437 2106 agitabat
450 2048 518 2087 aves
532 2030 706 2104 turbamque
721 2040 875 2088 sonantem

180 2127 302 2202 agminis
317 2127 425 2204 aligeri,
441 2127 536 2185 subito
551 2146 620 2184 cum
634 2127 731 2202 lapsus
746 2127 784 2184 ad
799 2126 893 2185 undas

181 2245 307 2301 cycnum
322 2226 515 2283 excellentem
530 2224 656 2300 pedibus
670 2226 745 2300 rapit
758 2225 911 2300 improbus
925 2226 1018 2283 uncis.

180 2323 328 2382 Adrexere
343 2325 457 2381 animos
473 2323 546 2394 Itali,
562 2333 746 2398 cunctaeque
761 2323 893 2381 volucres

181 2432 353 2480 convertunt
368 2422 496 2479 clamore
511 2421 618 2495 fugam,
635 2421 765 2479 mirabile
780 2421 852 2491 visu,

181 2519 356 2594 aetheraque
371 2520 528 2577 obscurant
543 2518 647 2592 pennis
662 2517 836 2592 hostemque
851 2537 904 2593 per
917 2537 1000 2576 auras

181 2618 258 2674 facta
271 2617 349 2675 nube
364 2625 509 2692 premunt,
525 2615 623 2673 donec
637 2616 665 2672 vi
679 2616 771 2673 victus
787 2626 817 2674 et
830 2617 894 2692 ipso

181 2714 312 2790 pondere
328 2713 445 2784 deiecit,
460 2712 659 2790 praedamque
674 2731 712 2771 ex
725 2715 869 2789 unguibus
883 2714 943 2772 ales

181 2813 305 2889 proiecit
319 2812 406 2894 fluvio
420 2813 596 2886 penitusque
611 2811 640 2868 in
655 2811 754 2869 nubila
767 2812 848 2887 fugit.

181 2912 257 2968 Tum
272 2929 341 2968 vero
356 2911 507 2985 augurium
522 2908 622 2967 Rutuli
637 2909 765 2966 clamore
781 2910 905 2967 salutant

182 3007 400 3084 expediuntque
417 3026 540 3079 manus;
562 3007 731 3082 primusque
746 3008 919 3066 Tolumnius
932 3028 1024 3083 augur

183 3109 273 3164 ‘Hoc
288 3115 357 3177 erat,
372 3105 439 3176 hoc,
454 3105 547 3176 votis,’
563 3106 664 3180 inquit,
682 3104 781 3179 ‘quod
795 3124 884 3181 saepe
898 3107 996 3181 petivi.

182 3205 308 3280 Adcipio
323 3202 533 3278 adgnoscoque
549 3202 641 3275 deos,
663 3220 721 3275 me,
737 3222 784 3260 me
799 3203 876 3261 duce
890 3204 995 3260 ferrum

182 3303 327 3377 corripite,
343 3297 370 3360 O
386 3302 490 3372 miseri,
506 3320 581 3376 quos
595 3301 745 3376 improbus
759 3301 874 3359 advena
888 3301 964 3359 bello

182 3401 292 3459 territat
306 3399 445 3457 invalidas
460 3410 492 3456 ut
506 3418 573 3457 aves
590 3409 618 3456 et
633 3398 718 3455 litora
731 3409 826 3456 vestra

181 3499 210 3556 vi
223 3498 363 3574 populat:
386 3507 467 3572 petet
481 3497 529 3554 ille
543 3498 641 3572 fugam
656 3497 832 3572 penitusque
846 3496 994 3571 profundo

181 3596 245 3654 vela
259 3595 349 3653 dabit.
390 3596 451 3652 Vos
465 3595 595 3653 unanimi
610 3595 732 3653 densete
748 3604 877 3652 catervas

182 3703 211 3752 et
225 3712 324 3769 regem
338 3693 421 3750 vobis
436 3710 534 3768 pugna
549 3692 700 3750 defendite
714 3694 848 3768 raptum!

599 3821 633 3854 ²⁸⁴
644 3823 744 3867 densata.
761 3823 817 3867 Eds.

1176 296 1236 360 1³7
