2742 4284
157 287 218 349 166
364 287 453 366 sorte
473 288 534 350 has
549 289 647 350 made
661 289 775 350 Labor
786 289 973 369 rl'ccessaty.
1049 301 1204 364 [onorem

152 471 234 545 Quid
248 471 307 546 qui,
323 490 361 529 ne
375 473 501 548 gravidis
514 474 692 549 procumbat
704 474 819 532 culmus
831 475 935 545 aristis,

151 569 294 626 luxuriem
309 581 443 644 segetum
456 581 558 628 tenera
571 571 707 646 depascit
720 573 751 629 in
763 572 864 641 herba,

151 686 220 724 cum
233 667 362 742 primum
376 668 473 726 sulcos
486 681 616 743 aequant
629 681 702 741 sata,
715 670 825 744 quique
838 670 955 745 patud's

151 765 320 824 conlectum
334 784 469 824 umorem
482 767 581 824 bibula
595 766 720 825 deducit
733 769 843 825 arena?

151 863 324 920 Praesertim
338 863 457 920 inoertis
471 865 495 921 si
510 865 661 922 mensibus
674 865 770 922 amnis
782 864 936 922 abundans
1163 877 1205 921 ΙΙ5

150 961 211 1018 exit
224 970 254 1018 et
267 960 400 1019 obducto
415 961 472 1019 late
487 972 570 1020 tenet
583 962 683 1020 omnia
695 963 776 1032 limo,

150 1058 231 1116 unde
245 1077 335 1116 cavae
350 1058 453 1134 tepido
467 1059 575 1118 sudant
589 1078 692 1117 umore
704 1060 838 1117 lacunae.

191 1158 258 1215 Nec
272 1167 381 1229 tamen,
397 1158 471 1215 haec
485 1177 555 1216 cum
569 1159 626 1216 sint
639 1159 852 1233 hominumque
865 1159 1017 1234 boumque
1029 1160 1145 1218 labores

150 1255 294 1313 versando
308 1265 414 1313 terram
423 1257 549 1330 experti,
564 1257 636 1314 nihil
649 1257 802 1331 improbus
813 1275 901 1313 auser

149 1354 390 1429 Strymoniaeque
404 1372 491 1429 grues
506 1363 537 1412 et
550 1355 655 1412 amaris
668 1355 762 1412 intiba
773 1354 853 1412 fibris
1160 1367 1204 1398 12⁰

149 1450 282 1509 officiunt
296 1462 347 1509 aut
360 1452 464 1509 umbra
476 1462 575 1510 nocet
618 1453 705 1510 Pater
715 1452 780 1527 ipse
793 1451 913 1510 colendi

149 1547 230 1605 haud
244 1549 359 1606 facilem
373 1567 437 1606 esse
452 1549 529 1607 siam
542 1550 643 1620 voluit,
658 1550 827 1624 primumque
841 1568 896 1624 per
907 1561 1000 1609 artem

149 1648 242 1705 movit
254 1665 339 1722 agros
353 1647 430 1704 curis
443 1666 553 1705 acuens
568 1648 701 1705 mortalia
714 1647 815 1718 corda,

149 1761 206 1800 nec
220 1753 336 1819 torpere
349 1745 428 1819 gravi
442 1764 545 1819 passus
558 1763 612 1803 sua
625 1763 717 1820 regua
728 1757 859 1802 veterno.

148 1842 226 1897 Ante
242 1841 345 1898 Iovem
359 1841 429 1898 nulli
443 1842 617 1916 subigebant
631 1860 700 1898 arta
713 1842 832 1912 coloni;

148 1957 187 1995 ne
202 1939 316 2014 signare
331 1939 452 2014 quidem
463 1951 513 1996 aut
527 1941 624 2015 partiri
638 1941 731 1997 limite
744 1958 884 2016 eampum

148 2037 191 2093 sas
206 2047 282 2094 erat:
306 2039 335 2095 in
350 2037 482 2098 medium
496 2039 686 2112 quaerebant,
703 2039 828 2114 ipsaque
841 2039 927 2097 tellus

148 2135 249 2192 omnia
261 2135 379 2193 liberius
393 2137 474 2194 nullo
488 2147 631 2210 poscente
645 2137 767 2194 ferebat.
936 2128 946 2136 ’

148 2233 202 2289 llle
216 2234 326 2289 malum
340 2234 416 2291 virus
430 2235 613 2309 serpentibus
627 2234 744 2291 addidit
756 2235 825 2292 atris

147 2330 340 2405 praedarique
354 2331 440 2406 lupos
454 2333 535 2390 iussit
548 2343 734 2407 pontumque
748 2334 859 2390 moveri

147 2429 292 2503 mellaque
307 2429 437 2486 decussit
450 2430 525 2488 loliis
539 2431 698 2505 ignemque
712 2432 845 2501 removit,

147 2537 178 2584 et
191 2527 301 2601 passim
314 2528 381 2584 rivis
396 2529 540 2584 currentia
553 2528 620 2584 vina
633 2529 778 2602 repressit,

146 2635 179 2680 ut
194 2625 284 2681 varias
299 2644 367 2682 usus
382 2624 555 2682 meditando
569 2625 744 2683 extunderet
756 2637 833 2684 artes

146 2723 286 2795 paulatim
301 2732 330 2779 et
344 2723 431 2779 sulcis
445 2723 582 2780 frumenti
596 2735 751 2797 quaereret
765 2724 897 2783 herbam

149 2816 209 2895 [Ut
222 2820 309 2876 silicis
323 2819 405 2877 venis
419 2821 585 2878 abstrusum
599 2821 760 2879 excuderet
773 2821 900 2902 ignem]

145 2918 232 2974 Tunc
245 2918 328 2975 alnos
341 2917 469 2992 primum
483 2917 561 2976 fluvii
576 2931 693 2977 sensere
707 2929 844 2992 cavatas;

145 3015 242 3071 navita
256 3027 319 3072 tum
332 3015 421 3073 stellis
435 3033 573 3074 numeros
588 3027 619 3074 et
633 3019 755 3076 nomina
767 3020 839 3076 fecit
1050 3089 1055 3094 g

146 3112 289 3184 Pleiadas,
305 3113 437 3188 Hyadas,
452 3114 618 3189 claramque
637 3115 784 3192 Lycaonis
797 3121 929 3191 Arctou3
1155 3119 1159 3126 “

144 3219 208 3268 tum
222 3211 333 3286 laqueis
348 3223 465 3286 captare
481 3214 555 3270 seras
571 3223 601 3270 et
615 3214 713 3272 fallere
727 3216 809 3274 visco

144 3307 296 3366 inventum
310 3320 340 3367 et
355 3327 476 3385 magnos
492 3311 615 3368 canibus
630 3312 813 3370 circumdare
826 3315 936 3384 saltus3

144 3417 232 3481 atque
246 3407 318 3464 alius
331 3408 422 3465 latum
437 3408 528 3466 funda
541 3409 598 3466 iam
614 3411 747 3468 verberat
759 3418 888 3482 amnem,

144 3503 202 3560 alta
214 3515 318 3580 petens
332 3507 405 3566 alius
419 3507 526 3583 pelago
540 3508 626 3566 trahit
641 3508 744 3566 umida
756 3509 834 3575 lina;

143 3612 206 3658 tum
220 3603 286 3660 ferri
299 3605 375 3680 rigor
388 3615 477 3679 atque
491 3615 609 3680 argutae
623 3607 733 3664 lamina
745 3625 851 3678 serrae,

143 3717 212 3758 nam
226 3701 313 3775 primi
327 3703 429 3760 cuneis
443 3703 617 3762 scindebant
631 3704 718 3762 fissile
733 3707 854 3779 liguum,
927 3708 931 3714 ’

569 3833 600 3864 1²
611 3835 700 3879 intuba.
715 3835 773 3880 EdS.
