2742 4284
117 317 248 382 1X.563.]
460 309 611 392 Exploits
633 313 674 394 of
697 313 727 374 T
722 335 835 380 umus.

157 494 257 552 Turris
272 504 333 552 erat
347 505 428 554 vasto
443 507 581 572 suspectu
596 508 625 555 et
638 499 779 575 pontibus
794 500 865 573 altis,

116 601 286 666 opportuna
300 593 376 664 loco,
392 594 512 652 summis
528 614 616 670 quarn
630 595 738 654 viribus
753 615 859 657 omnes

116 708 287 764 expugnare
304 691 369 748 Itali
384 709 556 766 summaque
572 703 702 751 evertere
716 713 809 769 opum
823 697 851 754 vi

117 787 280 859 certabant,
295 789 387 847 Troes
403 799 505 846 contra
520 789 679 848 defendere
695 793 770 850 saxis

116 906 230 964 perque
247 907 331 946 cavas
347 889 431 948 densi
446 890 504 948 tela
518 891 684 967 intorquere
700 893 851 953 fenestras,

118 987 261 1060 Princeps
277 987 429 1045 ardentem
444 989 571 1046 coniecit
586 989 723 1065 lampada
732 991 848 1050 Turnus

117 1094 148 1142 et
163 1085 311 1142 flammam
326 1085 427 1143 adfixit
441 1087 532 1158 lateri,
547 1105 622 1162 quae
637 1087 761 1162 plurima
775 1099 863 1147 vento

118 1183 258 1257 corripuit
274 1184 385 1241 tabulas
401 1194 430 1241 et
444 1185 577 1260 postibus
593 1185 685 1243 haesit
700 1185 806 1244 adesis.

116 1281 240 1338 Turbati
255 1281 400 1356 trepidare
414 1283 492 1340 intus
506 1282 666 1358 frustraque
681 1284 823 1342 malorum

117 1379 193 1436 velle
208 1380 315 1454 fugam.
345 1381 438 1453 ‚Dum
453 1399 484 1438 se
499 1380 662 1455 glomerant
675 1392 812 1456 retroque
827 1382 958 1442 residunt

118 1479 149 1535 in
163 1485 288 1552 partem,
303 1495 378 1552 quae
392 1487 475 1552 peste
490 1489 578 1550 caret,
594 1489 657 1537 tum
671 1479 804 1554 pondere
819 1481 901 1538 turris

118 1576 277 1651 procubuit
291 1576 387 1634 subito
402 1585 431 1633 et
446 1577 560 1634 caelum
574 1586 657 1636 tonat
672 1596 761 1636 omne
776 1579 898 1654 fragore.

118 1674 290 1732 Semineces
305 1673 343 1731 ad
357 1683 472 1744 terram,
489 1675 608 1732 immani
622 1675 701 1734 mole
716 1684 825 1749 secuta,

119 1771 289 1846 confixique
304 1772 362 1829 suis
376 1771 440 1829 telis
456 1782 485 1828 et
500 1779 620 1847 pectora
634 1772 710 1830 duro

118 1868 269 1927 transfossi
284 1869 362 1943 ligno
376 1870 506 1927 veniunt.
549 1869 606 1928 Vix
620 1889 696 1928 unus
712 1873 845 1929 Helenor

118 1976 149 2024 et
165 1968 262 2042 Lycus
278 1966 376 2040 elapsi.
421 1968 554 2040 Quorum
568 1968 733 2043 primaevus
750 1970 891 2041 Helenor,

119 2064 263 2122 Maeonio
277 2065 337 2138 regi
352 2082 440 2138 quem
455 2083 537 2122 serva
552 2066 706 2142 Licymnia
721 2067 816 2124 furtim

118 2163 272 2220 sustulerat
286 2162 439 2237 vetitisque
455 2162 493 2220 ad
507 2163 626 2222 Troiam
641 2165 759 2222 miserat
773 2165 870 2236 armiS,

118 2279 189 2318 ense
205 2259 275 2317 levis
290 2259 371 2316 nudo
385 2278 545 2335 parmaque
560 2262 699 2336 inglorius
713 2263 797 2335 alba;

117 2359 201 2433 isque
217 2357 267 2415 ubi
282 2375 312 2414 se
327 2359 418 2415 Turni
433 2357 531 2416 media
545 2359 619 2416 inter
633 2360 712 2417 milia
727 2360 807 2431 vidit,

117 2458 189 2515 hinc
204 2457 282 2514 acies
297 2467 384 2532 atque
400 2457 467 2515 hinc
483 2458 562 2516 acies
578 2458 692 2517 adstare
708 2461 845 2520 Latinas:

116 2564 150 2613 ut
163 2555 233 2626 fera,
250 2573 325 2629 quae
341 2554 434 2613 densa
448 2566 606 2615 venantum
621 2567 724 2632 saepta
738 2576 849 2616 corona

117 2663 220 2711 contra
235 2653 292 2710 tela
306 2653 372 2711 furit
387 2672 508 2729 seseque
524 2655 603 2712 liaud
616 2656 717 2713 nescia
732 2656 817 2715 morti

116 2750 200 2808 inicit
214 2761 244 2808 et
258 2751 331 2808 saltu
347 2770 434 2826 supra
447 2753 592 2810 venabula
605 2754 702 2824 fertur,

116 2848 197 2907 haud
212 2849 294 2920 aliter
308 2849 419 2907 iuvenis
435 2849 549 2908 medios
565 2851 718 2909 moriturus
733 2853 763 2909 in
777 2853 868 2910 hostis

117 2947 203 3004 inmit
218 2957 256 3019 et,
272 2966 330 3022 qua
344 2948 402 3005 tela
415 2947 496 3007 videt
510 2947 692 3020 densissima,
708 2949 811 3008 tendit.

116 3048 154 3103 At
168 3044 296 3120 pedibus
310 3045 397 3122 longe
413 3047 514 3106 melior
530 3048 625 3123 Lycus
641 3048 715 3104 inter
731 3058 761 3104 et
774 3049 863 3107 hostis

116 3144 190 3201 inter
205 3153 235 3200 et
249 3162 333 3215 arma
345 3145 412 3220 fuga
426 3164 523 3203 muros
538 3154 617 3203 tenet
632 3145 746 3221 altaque
758 3157 849 3204 certat

115 3241 260 3318 prendere
276 3252 355 3300 tecta
369 3262 457 3300 manu
471 3243 643 3318 sociumque
659 3244 799 3318 attingere
816 3244 940 3303 dextras.

117 3341 214 3414 Quem
230 3343 354 3411 Turnus,
371 3341 477 3416 pariter
491 3360 576 3399 cursu
591 3341 709 3416 teloque
725 3351 851 3414 secutus,

117 3440 248 3516 increpat
263 3440 306 3497 his
322 3440 432 3497 victor:
456 3441 633 3498 ‘Nostraene
649 3439 782 3510 evadere,
799 3439 930 3513 demens,

116 3540 237 3614 sperasti
252 3549 280 3597 te
295 3558 382 3614 posse
398 3540 537 3597 manus?'
568 3539 657 3598 Simul
673 3537 778 3612 adripit
792 3538 887 3613 ipsum

115 3632 296 3714 pendentem
313 3649 342 3696 et
357 3657 462 3714 magna
477 3639 549 3696 muri
565 3657 633 3696 cum
648 3647 729 3712 parte
744 3637 863 3695 revellit.

117 3736 216 3812 Qualis
231 3736 282 3796 ubi
296 3745 346 3793 aut
359 3736 490 3811 leporem
505 3747 554 3794 aut
569 3735 709 3795 candenti
725 3753 848 3810 corpore
863 3755 991 3811 cycnum
