2742 4284
151 272 192 340 92
388 253 483 333 June
506 255 614 336 Prays
627 257 692 337 for
718 255 749 316 Τ
745 253 856 318 umus'
881 253 967 337 Life.
1082 259 1206 324 [AEumu.

152 439 251 500 infelix
265 439 385 517 palmas,
401 459 484 499 curru
501 440 637 517 delapsus
653 438 780 499 eodem:

153 541 226 596 ‘Per
239 550 277 611 te,
293 557 345 615 per
359 539 409 613 qui
425 549 453 596 te
468 539 555 596 talem
570 557 697 614 genuere
712 547 857 613 parentes,

152 636 193 694 vir
206 636 343 708 Troiane,
359 637 420 693 sine
436 637 511 694 hanc
528 637 654 694 animam
670 646 700 693 et
714 636 851 694 miserere
866 637 1031 711 precantis’

152 735 283 792 Pluribus
298 735 392 791 oranti
407 736 540 792 Aeneas:
565 732 676 792 ‘Haud
691 733 759 792 talia
772 733 887 792 dudum

152 832 231 890 dicta
246 831 344 890 dabas.
389 834 505 890 Morere
522 842 550 889 et
565 832 680 890 fratrem
696 850 734 890 ne
749 832 852 890 desere
868 834 972 891 frater)

151 932 228 988 Turn
242 931 365 988 latebras
380 930 493 988 animae
509 939 613 1004 pectus
630 947 769 988 mucrone
784 930 918 989 recludit.

151 1029 233 1086 Talia
247 1046 300 1103 per
314 1047 436 1103 campos
452 1027 559 1086 edebat
574 1027 675 1085 funera
689 1027 796 1086 ductor

152 1126 325 1197 Dardanius,
342 1126 475 1182 torrentis
491 1143 584 1199 aquae
600 1126 645 1182 vel
661 1126 782 1184 turbinis
797 1129 850 1185 atri

152 1242 233 1280 more
248 1224 353 1281 furens.
395 1222 531 1280 Tandem
546 1234 703 1299 erumpunt
717 1235 747 1282 et
762 1236 856 1283 castra
869 1227 1035 1300 relinquunt

152 1322 292 1380 Ascanius
307 1340 379 1396 puer
394 1331 422 1378 et
437 1321 615 1396 nequiquam
631 1323 752 1381 obsessa
765 1323 906 1382 iuventus

193 1421 338 1476 Iunonem
353 1419 463 1478 interea
478 1420 635 1496 compellat
654 1422 788 1496 Iuppiter
801 1421 894 1479 ultro:

152 1519 198 1578 ‘O
213 1536 351 1592 germana
365 1518 437 1575 mihi
451 1528 538 1591 atque
554 1518 660 1576 eadem
674 1519 836 1594 gratissima
849 1521 986 1591 coniunx,

151 1626 183 1673 ut
196 1616 307 1686 rebare,
322 1617 432 1686 VenuS,
448 1635 504 1674 nec
520 1627 548 1674 te
563 1618 708 1674 sententia
721 1617 800 1688 fallit,

151 1715 291 1772 Troianas
307 1724 448 1771 sustentat
463 1733 544 1789 opes,
560 1733 621 1771 non
635 1713 732 1771 vivida
745 1714 822 1772 bello

153 1813 255 1870 dextra
269 1813 334 1869 viris
349 1813 520 1886 animusque
536 1813 617 1869 ferox
631 1813 804 1887 patiensque
819 1813 938 1887 pericli)

153 1911 209 1968 Cui
224 1911 300 1967 Iuno
315 1911 468 1967 summissa
492 1909 599 1983 ‘Quid
616 1928 633 1967 0
649 1909 843 1984 pulcherrime
858 1912 994 1980 coniunx,

152 2008 287 2065 sollicitas
303 2026 417 2082 aegram
434 2018 463 2065 et
478 2017 526 2064 tua
541 2008 631 2065 tristia
645 2007 725 2065 dicta
740 2009 914 2065 timentem?
989 2022 993 2030 ·

153 2107 182 2164 Si
196 2106 275 2176 mihi,
292 2124 366 2180 quae
383 2105 533 2180 quondam
550 2107 641 2163 fuerat
657 2124 804 2180 quamque
820 2123 883 2164 esse
899 2105 1034 2177 decebat,

151 2204 194 2261 vis
209 2204 239 2260 in
253 2222 351 2261 amore
366 2205 449 2276 soret,
465 2223 525 2261 non
541 2203 599 2260 hoc
615 2204 686 2260 mihi
700 2221 828 2278 namque
843 2221 973 2278 negares,

153 2303 348 2376 omnipotens,
364 2302 435 2376 quin
450 2312 479 2360 et
493 2320 609 2376 pugnae
626 2300 789 2358 subducere
805 2302 936 2358 Turnum

153 2410 182 2457 et
197 2401 305 2457 Dauno
319 2418 437 2475 possem
452 2400 631 2456 incolumem
646 2417 758 2456 servare
774 2399 895 2474 parenti.
939 2402 941 2405 ’

153 2499 241 2555 Nunc
256 2507 356 2573 pereat
370 2497 550 2572 Teucrisque
565 2498 615 2572 pio
630 2496 681 2553 det
696 2497 835 2570 sanguine
849 2514 969 2570 poenas.

153 2596 205 2652 Ille
221 2606 319 2653 tamen
333 2606 432 2653 nostra
447 2595 567 2654 deducit
584 2595 694 2669 origine
710 2612 818 2651 nomen

153 2694 360 2767 Pilumnusque
376 2694 414 2752 illi
430 2703 547 2768 quartus
564 2703 647 2768 pater
661 2702 691 2748 et
705 2702 755 2749 tua
769 2692 846 2766 larga

153 2809 240 2867 saepe
256 2810 344 2851 manu
360 2793 515 2866 multisque
531 2791 777 2862 oneravitlimina
790 2790 895 2848 donis!

153 2891 209 2949 Cui
223 2910 273 2947 rex
289 2889 408 2947 aetherii
422 2891 546 2948 breviter
561 2891 603 2947 sic
618 2891 692 2947 fatur
707 2888 843 2963 Olympi:

152 2990 199 3048 ‘Si
215 3007 297 3046 mora
311 2989 470 3063 praesentis
484 2989 534 3046 leti
548 2998 723 3064 tempusque
740 2986 855 3044 caduco

152 3096 248 3145 oratur
262 3086 358 3144 iuveni
372 3104 478 3160 meque
494 3086 551 3144 hoc
567 3087 606 3144 ita
620 3104 732 3160 ponere
747 3086 845 3154 sentis,

152 3185 220 3243 tolle
235 3185 302 3258 fuga
315 3185 446 3241 Turnum
462 3194 548 3258 atque
564 3184 737 3242 instantibus
753 3184 831 3257 eripe
847 3181 910 3240 fatis

152 3282 295 3340 hactenus
311 3281 464 3340 indulsisse
478 3293 570 3340 vacat.
616 3283 665 3340 Sin
680 3282 763 3339 altior
777 3281 837 3339 istis

152 3379 206 3438 sub
220 3379 356 3454 precibus
370 3378 454 3437 venia
469 3379 526 3437 ulla
538 3380 610 3437 latet
625 3389 779 3454 totumque
795 3377 906 3436 moveri

152 3476 291 3534 mutarive
306 3485 391 3551 putas
405 3476 523 3548 bellum,
539 3496 604 3552 spes
620 3477 715 3551 pascis
729 3477 845 3535 inanis.'

153 3576 191 3631 Et
206 3574 282 3631 Iuno
296 3572 507 3632 adlacrimans:
532 3573 632 3648 ‘Quid
647 3574 679 3647 si,
696 3593 772 3650 quae
786 3592 860 3632 voce
875 3573 1008 3649 gravaris,

152 3680 250 3730 mente
266 3668 351 3730 dares
366 3680 454 3746 atque
471 3670 544 3730 haec
558 3673 658 3731 Turno
672 3681 734 3730 rata
747 3672 805 3730 vita
819 3672 972 3730 maneret?

598 3799 713 3844 ⁸1⁸iussa.
731 3800 759 3844 R.
