2742 4284
172 303 289 364 xlmsa]
378 291 553 372 Messapus
567 291 640 354 and
653 289 797 354 Camilla
813 289 952 354 Receive
973 291 1004 353 T
999 290 1080 354 hem.

174 497 316 554 spumeus
331 489 549 552 extremamque
565 477 629 536 sinu
644 476 793 552 perfundit
807 495 934 549 arenam,

174 595 254 633 nunc
269 574 388 651 rapidus
403 583 480 632 retro
495 584 583 649 atque
598 583 680 634 aestu
695 575 825 632 revoluta
837 576 990 634 resorbens

175 693 246 731 saxa
259 673 331 747 fugit
345 673 469 746 litusque
484 671 561 730 vado
575 671 693 730 labente
711 672 865 747 relinquit:

174 771 219 829 bis
233 771 324 828 Tusci
339 769 463 827 Rutulos
478 787 564 843 egere
579 768 618 826 ad
633 769 751 826 moenia
763 788 872 841 versos,

175 869 219 926 bis
234 867 336 925 reiecti
350 867 436 924 armis
450 876 617 940 respectant
631 875 712 940 terga
725 876 866 942 tegentes.

175 966 275 1023 Tertia
289 964 342 1022 sed
357 974 513 1040 postquam
529 964 677 1038 congressi
693 964 723 1021 in
737 965 847 1038 proelia
860 975 936 1023 totas

176 1064 347 1138 implicuere
362 1063 436 1120 inter
450 1079 481 1120 se
496 1062 574 1119 acies
591 1061 718 1136 legitque
733 1062 824 1120 virum
838 1063 897 1120 vir:

177 1171 238 1218 tum
253 1179 323 1217 vero
338 1171 367 1217 et
381 1161 505 1235 gemitus
520 1160 698 1218 morientum
712 1170 743 1217 et
757 1160 897 1234 sanguine
911 1160 941 1218 in
955 1161 1014 1218 alto

176 1277 315 1333 armaque
331 1275 514 1333 corporaque
530 1267 559 1314 et
573 1257 709 1332 permixti
723 1257 817 1314 caede
831 1257 957 1316 virorum

177 1356 364 1415 semianimes
378 1355 531 1413 volvuntur
546 1356 623 1430 equi,
640 1374 740 1430 pugna
753 1374 855 1430 aspera
869 1357 966 1432 surgit.

177 1454 348 1514 Orsilochus
365 1453 490 1525 Remuli,
505 1452 626 1528 quando
641 1454 738 1528 ipsum
753 1454 889 1512 horrebat
902 1454 992 1526 adire,

177 1554 290 1611 hastam
305 1552 417 1610 intorsit
432 1570 511 1626 equo
526 1551 691 1626 ferrumque
705 1552 760 1610 sub
774 1571 843 1610 aure
857 1554 979 1628 reliquit.

178 1653 247 1726 Quo
261 1651 380 1726 sonipes
395 1650 455 1707 ictu
470 1650 537 1708 furit
551 1649 658 1708 arduus
674 1651 790 1725 altaque
804 1652 892 1710 iactat

176 1750 303 1807 vulneris
318 1749 473 1824 impatiens
488 1760 601 1806 arrecto
617 1760 737 1824 pectore
752 1768 853 1808 crura:

177 1848 301 1905 volvitur
316 1848 362 1904 ille
378 1865 517 1904 excussus
533 1846 622 1904 humi.
667 1847 787 1905 Catillus
802 1848 896 1906 Iollan

177 1947 386 2021 ingentemque
401 1945 514 2016 animis,
530 1946 680 2020 ingentem
697 1963 821 2020 corpore
835 1957 865 2003 et
879 1948 965 2004 armis

179 2043 268 2102 deicit
285 2045 481 2114 Herminium,
497 2043 578 2101 nudo
594 2044 641 2100 cui
656 2044 764 2100 vertice
778 2044 856 2101 fulva

179 2143 321 2199 caesaries
335 2140 466 2216 nudique
481 2143 582 2213 umeri,
597 2160 654 2199 nec
667 2142 787 2199 vulnera
800 2151 926 2200 terrent:

180 2250 275 2297 tantus
289 2241 318 2296 in
334 2259 415 2296 arma
430 2251 517 2315 patet.
563 2241 650 2297 Latos
666 2239 734 2296 huic
750 2240 834 2298 hasta
847 2259 899 2317 per
912 2261 1009 2299 armos
1086 2237 1099 2258 ⁰

181 2348 245 2395 acta
258 2338 355 2395 tremit
370 2337 556 2412 duplicatque
572 2339 664 2394 virum
679 2338 816 2396 transfixa
830 2338 941 2397 dolore.

182 2434 324 2493 Funditur
337 2446 399 2493 ater
413 2435 521 2510 ubique
537 2454 622 2493 cruor
633 2456 640 2506 ;
663 2435 736 2492 dant
749 2435 851 2494 funera
864 2437 939 2494 ferro

182 2543 325 2591 certantes
340 2533 549 2608 pulchramque
565 2543 669 2608 petunt
683 2551 737 2608 per
750 2534 869 2592 vulnera
880 2535 1015 2593 mortem.

220 2634 258 2689 At
273 2630 386 2688 medias
401 2632 476 2688 inter
489 2631 597 2688 caedes
611 2632 736 2689 exsultat
750 2635 890 2704 Amazon,

182 2748 270 2786 unum
285 2740 398 2786 exserta
411 2730 485 2786 latus
499 2747 624 2804 pugnae,
641 2729 806 2804 pharetrata
819 2731 951 2799 Camilla,

180 2837 208 2884 et
223 2846 302 2885 nunc
316 2827 395 2884 lenta
409 2846 497 2884 manu
513 2846 652 2902 spargens
668 2828 780 2885 hastilia
794 2828 906 2900 denset,

180 2945 259 2982 nunc
274 2925 401 2983 validam
416 2925 517 2982 dextra
530 2927 605 3000 rapit
619 2925 766 2983 indefessa
779 2927 938 3002 bipennem
950 2950 958 3001 3

180 3042 282 3082 aureus
297 3043 333 3081 ex
348 3043 450 3082 umero
464 3034 548 3082 sonat
562 3043 645 3082 arcus
660 3034 690 3080 et
705 3043 784 3081 arma
799 3025 921 3083 Dianae.

182 3123 234 3179 Illa
248 3123 335 3180 ctiam
350 3123 378 3179 in
393 3133 515 3198 tergum,
531 3123 675 3197 siquando
690 3123 773 3198 pulsa
787 3124 916 3194 recessit,

180 3220 291 3294 spicula
305 3239 447 3276 converso
461 3220 599 3294 fugientia
614 3221 711 3297 dirigit
724 3240 802 3278 arcu.

181 3320 218 3375 At
232 3318 341 3375 circum
357 3319 449 3374 lectae
465 3320 597 3390 comites,
613 3319 778 3393 Larinaque
792 3320 872 3395 virgo

180 3415 321 3490 Tullaque
336 3425 366 3472 et
380 3426 506 3472 aeratam
522 3417 654 3490 quatiens
669 3418 794 3492 Tarpeia
808 3435 952 3487 securem,

181 3511 309 3583 Italides,
325 3531 397 3586 quas
413 3513 475 3587 ipsa
491 3513 582 3571 decus
597 3514 651 3571 sibi
666 3514 716 3570 dia
730 3515 854 3572 Camilla

180 3609 288 3684 delegit
302 3611 441 3685 pacisque
456 3611 549 3668 bonas
563 3611 691 3685 bellique
706 3613 866 3670 ministras:

180 3708 279 3782 quales
293 3707 445 3766 Threiciae
461 3728 529 3766 cum
544 3709 664 3766 flumina
677 3710 905 3768 Thermodontis

631 3839 663 3874 ⁶54
673 3841 769 3898 deriguit.
791 3844 818 3887 R.
