2742 4284
146 283 206 361 136
228 283 390 344 Murmur
401 282 442 363 of
450 282 634 344 Rutulians
651 282 829 344 Fomented
840 282 1045 362 byJuturna.
1072 295 1192 356 [AEurrn.

142 470 247 527 ‘Haec
261 467 375 539 eadem,
392 470 501 538 Aenea,
517 478 622 525 terram
636 485 716 524 mare
731 466 827 526 sidera
841 468 904 525 iuro

143 567 331 640 Latonaeque
346 584 438 640 genus
453 565 561 639 duplex
577 567 741 640 Ianumque
756 565 911 623 bifrontem

141 664 258 738 vimque
273 661 361 720 deum
378 661 519 720 infernam
534 674 563 719 et
578 661 640 720 duri
656 663 781 719 sacraria
796 663 890 735 Ditis,

141 761 241 820 audiat
254 760 328 818 haec
342 761 463 835 genitor,
480 761 530 835 qui
545 759 665 817 foedera
679 761 799 818 fulmine
814 761 916 819 sancit.

141 860 244 933 Tango
258 877 330 930 aras,
346 857 461 915 medios
475 857 550 932 ignis
564 867 594 915 et
607 859 729 916 numina
743 868 850 917 testor:

141 957 219 1014 nulla
232 956 295 1014 dies
310 975 414 1032 pacem
429 956 505 1014 hanc
522 956 599 1014 Italis
615 974 672 1013 nec
685 955 807 1014 foedera
820 967 945 1033 rumpet,

140 1074 201 1130 quo
215 1073 261 1113 res
276 1073 403 1129 cumque
418 1053 545 1126 cadent;
567 1072 624 1111 nec
639 1072 686 1111 me
702 1055 744 1111 vis
758 1055 816 1111 ulla
828 1055 975 1113 volentem

140 1162 259 1224 avertet,
274 1171 344 1223 non,
361 1152 384 1209 si
399 1153 529 1209 tellurem
543 1150 674 1210 effundat
688 1153 718 1209 in
732 1151 825 1210 undas

140 1251 249 1308 diluvio
265 1251 392 1307 miscens
406 1250 579 1324 caelumque
595 1249 625 1308 in
640 1251 760 1307 Tartara
774 1251 884 1321 solvat;

140 1358 172 1407 ut
186 1357 333 1423 sceptrum
349 1347 424 1406 hoc’
445 1347 563 1426 (dextra
576 1357 726 1424 sceptrum
740 1367 809 1406 nam
823 1349 897 1407 forte
911 1348 1045 1425 gerebat)

141 1451 318 1520 ‘numquam
333 1445 436 1503 fronde
452 1446 506 1503 levi
522 1444 625 1503 fundet
639 1446 760 1521 virgulta
773 1465 829 1504 nec
844 1446 970 1518 umbras,

140 1563 209 1602 cum
223 1543 314 1602 semel
328 1544 357 1602 in
372 1544 447 1601 silvis
463 1544 522 1601 imo
537 1543 576 1601 de
592 1544 681 1619 stirpe
696 1544 822 1602 recisum

140 1651 231 1700 matre
246 1652 326 1699 caret
340 1642 495 1717 posuitque
510 1660 611 1699 comas
627 1652 657 1699 et
670 1642 808 1699 bracchia
821 1643 906 1713 ferro,

140 1741 210 1798 olim
225 1740 319 1812 arbos,
334 1758 413 1797 nunc
429 1740 545 1798 artificis
559 1759 662 1797 manus
676 1758 743 1797 aere
759 1739 869 1798 decoro

139 1839 255 1896 inclusit
270 1838 458 1913 patribusque
474 1837 557 1895 dedit
568 1848 683 1913 gesture
699 1839 828 1897 Latinis’

139 1937 258 1995 Talibus
272 1937 347 1993 inter
360 1953 391 1993 se
406 1935 559 1993 firmabant
573 1935 696 1993 foedera
710 1935 796 1994 dictis

142 2043 302 2109 conspectu
317 2034 347 2091 in
364 2033 463 2092 medio
477 2052 641 2109 procerum.
683 2036 762 2092 Tum
776 2034 829 2091 rite
844 2044 971 2092 sacratas

140 2133 170 2190 in
184 2132 332 2189 flammam
347 2130 475 2206 iugulant
489 2130 620 2206 pecudes
635 2142 665 2190 et
679 2132 791 2189 viscera
804 2131 875 2189 vivis

139 2231 265 2306 eripiunt
280 2230 486 2304 cumulantque
502 2231 627 2287 oneratis
641 2230 773 2288 lancibus
787 2249 859 2287 aras.

179 2331 218 2386 At
231 2346 300 2386 vero
314 2328 429 2385 Rutulis
443 2328 526 2403 inpar
539 2347 575 2385 ea
589 2346 687 2404 pugna
702 2327 794 2385 videri

139 2424 311 2484 iamdudum
326 2435 355 2483 et
368 2426 447 2483 vario
463 2426 578 2484 misceri
592 2435 714 2500 pectora
727 2435 830 2498 motu;

138 2535 200 2582 tum
215 2524 315 2598 magiS,
331 2534 362 2581 ut
378 2525 497 2599 propius
512 2534 635 2581 cernunt
649 2543 711 2581 nou
724 2523 832 2580 viribus
845 2523 956 2597 aequis

137 2621 263 2680 Adiuvat
278 2622 393 2679 incessu
408 2623 498 2679 tacito
513 2640 682 2697 progressus
698 2631 728 2678 et
741 2640 821 2678 aram

140 2720 309 2795 suppliciter
322 2738 463 2777 venerans
478 2719 607 2777 demisso
620 2719 730 2777 lumine
745 2721 862 2776 Turnus

139 2819 333 2893 tabentesque
348 2836 440 2893 genae
456 2827 486 2875 et
499 2817 623 2875 iuvenali
637 2817 667 2875 in
683 2834 807 2891 corpore
821 2816 921 2892 pallor.

142 2916 240 2990 Quem
254 2915 339 2973 simul
354 2934 388 2972 ac
405 2917 525 2973 Iuturna
538 2934 620 2973 soror
633 2915 818 2973 crebrescere
832 2913 904 2971 vidit

140 3031 306 3072 sermonem
321 3023 350 3070 et
364 3014 441 3089 volgi
455 3014 563 3070 variare
578 3013 705 3070 labantia
719 3012 818 3081 corda,

140 3113 170 3169 in
185 3112 297 3170 medias
311 3110 399 3183 acies,
414 3113 538 3170 formam
552 3111 725 3170 adsimulata
738 3111 876 3181 Camerti,

141 3210 189 3267 cui
202 3227 293 3285 genus
309 3229 326 3267 a
340 3211 453 3286 proavis
469 3210 570 3284 ingens
586 3209 754 3284 clarumque
769 3219 907 3283 paternae

140 3327 250 3365 nomen
266 3319 327 3365 erat
341 3308 460 3381 virtutiS,
477 3318 506 3365 et
521 3308 582 3383 ipse
599 3307 755 3365 acerrimus
770 3307 865 3377 armiS,

141 3406 171 3463 in
185 3406 296 3465 medias
312 3407 363 3465 dat
376 3425 440 3466 sese
455 3406 534 3464 acies
548 3405 627 3464 haud
641 3406 741 3464 nescia
754 3424 851 3464 rerum

140 3523 329 3581 rumoresque
344 3507 412 3564 serit
426 3505 519 3564 varios
533 3524 568 3562 ac
583 3505 650 3562 talia
664 3505 755 3562 fatur:

142 3603 230 3661 ‘Non
245 3603 345 3679 pudet,
361 3605 388 3662 Ο
405 3605 513 3675 Rutuli,
530 3622 583 3679 pro
598 3603 712 3660 cunctis
727 3603 830 3661 talibus
845 3621 936 3660 unam

141 3701 288 3760 obiectare
304 3701 452 3758 animam?
493 3701 664 3758 Numerone
678 3719 716 3757 an
731 3701 837 3758 viribus
851 3700 937 3775 aequi

141 3816 203 3856 non
216 3799 336 3855 sumus?
378 3798 423 3853 En
438 3813 542 3853 omnes
557 3807 586 3854 et
599 3799 692 3855 Troes
707 3807 736 3855 et
751 3798 881 3856 Arcades
897 3798 926 3855 hi
941 3807 1007 3855 sunt
