2742 4284
185 305 225 384 58
353 302 570 386 Encouraged
589 301 628 384 by
651 303 756 380 Iulus,
781 302 852 384 they
879 304 938 368 Sel
958 305 1066 370 Fortla
1114 316 1234 382 [AErrrrn.

186 492 272 548 Hauc
288 491 349 548 sine
366 507 413 548 me
429 507 512 565 spem
528 490 600 548 serre
615 490 674 548 tui:
698 488 851 548 audentior
864 489 914 548 ibo

181 593 209 648 iu
226 607 309 648 casus
325 588 439 646 omnis!
486 588 626 645 Percussa
641 598 740 644 mente
756 584 865 646 dedere

182 688 378 748 Dardanidae
387 685 537 755 lacrinras;
563 694 630 742 ante
646 685 741 742 omnis
755 685 877 760 pulcher
891 688 979 758 Iulus,

179 801 266 865 atque
282 790 411 846 animum
428 783 538 861 patriae
554 782 667 840 strinxit
681 783 796 857 pietatis
811 783 916 858 imago.

182 890 256 947 l'um
270 890 311 946 sic
327 888 445 945 effatur:

178 986 317 1061 ‘Sponde
333 986 422 1062 digna
437 985 492 1042 tuis
510 981 674 1057 ingentibus
691 983 791 1040 omnia
804 985 926 1059 coeptis.

178 1086 313 1160 Namque
329 1086 383 1143 erit
397 1085 450 1142 ista
467 1083 537 1141 mihi
554 1082 685 1157 genetrix
700 1100 867 1157 nomenque
882 1083 1009 1141 Creusae

176 1183 270 1240 solum
285 1182 416 1254 desuerit,
432 1199 488 1240 nec
504 1191 620 1257 partum
639 1181 730 1255 gratia
743 1180 830 1238 talem

176 1297 264 1354 parva
277 1291 385 1340 manet.
430 1283 523 1342 Casus
541 1284 649 1340 sactum
666 1282 844 1357 quicumque
860 1293 1025 1356 sequentur,

175 1394 228 1451 per
242 1388 330 1453 caput
344 1379 401 1436 hoc
417 1381 488 1451 iuro,
506 1399 559 1456 per
575 1380 656 1457 quod
674 1390 756 1455 pater
771 1390 838 1438 ante
852 1380 981 1438 solebat:

174 1493 250 1550 quae
265 1476 317 1534 tibi
332 1477 472 1552 polliceor
488 1478 590 1536 reduci
608 1478 753 1553 rebusque
769 1477 914 1547 secundis,

174 1573 248 1630 haec
262 1573 368 1632 eadem
383 1576 525 1650 matrique
544 1585 611 1633 tuae
628 1576 787 1650 generique
804 1576 982 1633 manebunt)

174 1672 220 1729 Sic
235 1673 274 1729 ait
288 1673 470 1730 inlacrimans
483 1694 491 1744 ;
516 1692 618 1732 umero
634 1673 720 1732 simul
734 1673 815 1731 exuit
829 1691 929 1731 ensem

173 1780 314 1841 auratum,
331 1771 402 1828 mira
418 1789 507 1846 quern
524 1772 634 1830 lecerat
649 1780 710 1830 arte
727 1772 846 1847 Lycaon

173 1867 302 1926 Gnosius
316 1877 404 1942 atque
422 1869 550 1927 habilem
568 1870 674 1945 vagina
691 1879 802 1944 aptarat
816 1869 934 1927 eburna.

174 1967 232 2022 Dat
248 1966 321 2023 Niso
337 1967 510 2025 Mnestheus
528 1967 635 2043 pellem
652 1967 853 2041 horrentisque
868 1967 960 2024 leonis

172 2063 308 2135 exuvias5
330 2063 442 2140 galeam
459 2064 534 2123 fidus
552 2074 697 2140 permutat
712 2065 818 2124 Aletes

173 2162 306 2220 Protinus
321 2163 422 2221 armati
440 2163 581 2221 incedunt
593 2185 601 2236 ;
626 2183 700 2239 quos
715 2164 810 2222 omnis
824 2165 919 2221 euntis
971 2223 972 2227 ,

173 2260 330 2334 primorum
346 2280 449 2319 manus
465 2261 504 2319 ad
519 2271 617 2336 portas
633 2261 830 2336 iuvenumque
845 2279 1007 2337 senumque

172 2359 354 2434 prosequitur
368 2360 451 2418 votis
498 2360 564 2417 Nec
580 2379 640 2418 non
656 2369 685 2417 et
701 2360 822 2434 pulcher
837 2359 925 2430 Iulus,

172 2464 239 2512 ante
253 2474 346 2514 anuos
364 2458 552 2532 animumque
569 2475 673 2534 gerens
689 2473 847 2531 curamque
862 2457 982 2528 virilem,

173 2552 262 2610 multa
276 2555 348 2629 patri
365 2555 504 2613 mandata
519 2555 609 2614 dabat
623 2555 786 2630 portanda:
810 2554 863 2612 sed
877 2573 964 2612 aurae

171 2651 270 2708 omnia
284 2651 454 2727 discerpunt
470 2664 499 2711 et
514 2654 641 2712 nubibus
657 2653 742 2711 inrita
757 2652 876 2711 donant.

213 2749 328 2824 Egressi
344 2761 482 2825 superant
501 2752 593 2809 fossas
608 2751 762 2825 noctisque
776 2767 830 2825 per
844 2751 977 2809 umbram

172 2857 265 2904 castra
278 2846 397 2905 inimica
413 2858 525 2923 petunt,
543 2849 638 2907 multis
653 2859 753 2907 tamen
769 2858 836 2906 ante
851 2849 937 2905 futuri

172 2943 268 3002 exitio.
313 2946 423 3003 Passim
440 2965 544 3005 somno
560 2948 688 3021 vinoque
703 2965 756 3021 per
770 2945 891 3003 herbam

172 3059 294 3115 corpora
308 3043 371 3100 fusa
387 3043 497 3115 vident,
514 3055 640 3102 arrectos
657 3044 739 3102 litore
755 3062 864 3114 currus,

171 3139 245 3195 iuter
258 3139 319 3197 lora
333 3151 468 3216 rotasque
485 3143 569 3214 viros,
585 3143 670 3200 simul
684 3161 765 3199 arma
779 3143 882 3212 iacere,

171 3237 238 3293 vina
251 3238 344 3295 simul.
391 3239 470 3298 Prior
487 3239 664 3315 Hyrtacides
680 3241 722 3298 sic
737 3258 788 3296 ore
802 3238 933 3297 locutus:

172 3334 322 3408 ‘Euryale
340 3336 509 3394 audendum
526 3337 646 3410 dextra;
669 3355 748 3395 nunc
763 3337 826 3411 ipsa
839 3348 925 3394 vocat
939 3356 994 3395 res.

171 3433 239 3489 Hac
254 3432 307 3491 iter
322 3444 375 3491 est.
418 3435 473 3505 Tu,
489 3453 526 3492 ne
541 3455 599 3511 qua
614 3454 718 3494 manus
731 3453 762 3492 se
777 3435 907 3491 attollere
924 3436 1007 3493 uobis

170 3550 187 3588 a
201 3541 282 3606 tergo
298 3532 398 3607 possit,
414 3533 529 3591 custodi
544 3543 573 3591 et
588 3535 709 3592 consule
723 3533 831 3608 longe;

170 3629 244 3686 haec
260 3647 316 3705 ego
331 3640 412 3687 vasta
426 3629 504 3687 dabo
519 3641 548 3688 et
562 3631 620 3689 lato
635 3641 663 3689 te
677 3630 768 3688 limite
783 3630 900 3688 ducam.

170 3726 217 3783 Sic
233 3736 376 3784 memorat
390 3745 553 3802 vocemque
569 3728 693 3803 premit;
715 3728 800 3786 simul
815 3746 884 3786 ense
899 3730 1058 3804 superbum

205 3851 241 3885 Ἣ
257 3854 376 3899 dederunt.
398 3853 426 3899 R.
520 3853 555 3890 Μ
568 3855 674 3912 spondeo.
696 3857 729 3902 H.
823 3855 1170 3913 ³1²portanda...mandara.
1191 3859 1220 3904 H.
