2742 4284
182 305 224 382 36
500 301 530 363 Τ
525 302 565 364 lte
587 301 698 384 Reign
721 303 763 383 of
781 302 913 365 Satum.
1109 312 1236 376 [AErrnn.

181 488 245 560 quis
260 505 356 562 neque
371 506 435 546 mos
450 504 546 563 neque
561 488 656 546 cultus
670 498 741 560 erat,
755 505 812 546 nec
826 489 946 564 iungere
960 501 1057 548 tauros

182 595 231 642 aut
246 603 424 661 componere
439 603 512 660 opes
527 596 632 644 norant
645 597 696 644 aut
710 603 830 661 parcere
844 598 936 662 parto,

182 681 236 739 sed
251 684 324 740 rami
337 693 425 758 atque
441 701 525 758 asper
539 684 617 741 victu
632 695 754 741 venatus
768 684 873 743 alebat.

183 779 295 837 Primus
309 780 347 838 ab
362 779 490 838 aetherio
505 781 584 839 venit
599 782 737 838 Saturnus
753 782 891 858 Olympo,

181 896 262 936 arma
277 879 355 935 lovis
369 878 481 953 fugiens
496 889 525 935 et
539 879 635 953 regnis
649 880 731 936 exsul
744 880 898 957 ademptis.

183 981 213 1038 Is
227 995 319 1053 genus
334 975 463 1034 indocile
478 994 513 1032 ac
528 975 693 1051 dispersum
708 980 855 1038 montibus
869 981 932 1037 altis

182 1075 349 1152 composuit
364 1074 500 1148 legesque
517 1074 600 1132 dedit
617 1077 791 1152 Latiumque
805 1079 902 1135 vocari

182 1176 292 1246 maluit,
308 1174 351 1231 his
367 1173 507 1248 quoniam
523 1174 651 1232 latuisset
665 1176 733 1232 tutis
748 1177 777 1232 in
792 1176 857 1233 oris,

183 1278 279 1334 Aurea
293 1293 368 1350 quae
383 1273 539 1349 perhibent
553 1273 602 1331 illo
616 1273 670 1331 sub
685 1292 753 1349 rege
767 1274 847 1332 suere

183 1357 306 1431 saecula.
350 1373 396 1432 Sic
411 1371 527 1447 placida
540 1372 665 1447 populos
680 1372 709 1430 in
725 1389 798 1446 paee
813 1373 941 1446 regebat,

184 1473 310 1530 deterior
324 1471 421 1528 donec
437 1471 576 1546 paulatim
591 1490 626 1528 ae
640 1470 762 1528 decolor
775 1479 855 1527 aetas

184 1581 213 1629 et
227 1570 293 1628 belli
308 1570 402 1629 rabies
417 1579 445 1626 et
461 1587 543 1626 amor
556 1569 696 1626 successit
710 1568 847 1626 habendi.

183 1670 259 1726 Tum
275 1687 377 1726 manus
394 1668 523 1725 Ausonia
540 1676 569 1724 et
583 1677 686 1742 gentes
700 1683 807 1724 venere
822 1667 953 1735 Sicanae,

184 1767 298 1842 saepius
314 1775 343 1823 et
357 1784 466 1823 nomeu
482 1766 580 1841 posuit
595 1766 727 1824 Saturnia
740 1765 842 1836 tellus;

184 1875 246 1922 tum
261 1883 343 1939 reges
358 1882 501 1940 asperque
517 1864 638 1921 immani
653 1881 775 1938 corpore
789 1863 922 1939 Thybris,

185 1980 275 2037 aquo
290 1972 356 2036 post
372 1963 436 2020 Itali
451 1961 569 2019 fluvium
585 1963 763 2037 cognomine
777 1960 915 2037 Thybrim

185 2059 320 2130 diximus,
335 2061 430 2117 amisit
445 2080 545 2117 verum
561 2070 644 2118 vetus
660 2061 765 2118 Albula
778 2077 906 2128 nomem

186 2176 233 2216 me
248 2159 363 2232 pulsum
379 2159 469 2233 patria
485 2159 638 2234 pelagique
655 2169 785 2215 extrema
798 2167 970 2232 sequentem

185 2255 300 2314 hortuna
314 2257 501 2330 omnipotens
519 2267 547 2313 et
563 2256 748 2313 ineluctabile
764 2256 853 2312 satum

186 2353 230 2412 his
244 2371 367 2428 posuere
382 2354 453 2412 locis
469 2355 625 2429 matrisque
643 2373 728 2429 egere
743 2354 897 2411 tremenda

187 2452 348 2510 Carmentis
364 2453 511 2527 nymphae
527 2453 639 2510 monita
653 2461 682 2510 et
698 2451 770 2509 deus
785 2461 886 2509 auctor
901 2452 1014 2525 Apollo.

184 2550 242 2607 Vix
256 2568 291 2606 ea
306 2549 403 2607 dicta:
427 2550 536 2608 dehinc
552 2569 721 2626 progressus
735 2558 877 2608 monstrat
891 2561 920 2606 et
934 2568 1012 2605 aram

187 2656 217 2704 et
231 2647 445 2706 Carmentalem
461 2649 589 2706 Romani
605 2648 730 2706 nomine
740 2659 854 2723 portam

187 2763 276 2820 quam
289 2755 462 2818 memorant,
479 2746 627 2821 nymphae
643 2747 771 2820 priscum
787 2746 949 2804 Carmentis
965 2746 1116 2815 honorem,

186 2844 257 2900 vatis
272 2843 417 2914 fatidicae,
434 2845 541 2902 cecinit
556 2862 630 2918 quae
646 2845 740 2918 prima
753 2845 863 2901 futuros

187 2940 341 2999 Aeneadas
356 2961 477 3017 magnos
493 2952 522 3000 et
536 2943 633 3000 nobile
650 2943 839 3000 Pallanteum.

189 3041 270 3096 Hinc
284 3039 382 3098 lucum
398 3041 546 3116 ingentem
562 3059 651 3116 quem
667 3040 810 3098 Romulus
825 3057 894 3096 acer
908 3039 1025 3112 Asylum

187 3137 294 3194 rettulit
308 3149 337 3195 et
351 3138 448 3214 gelida
462 3149 603 3197 monstrat
616 3140 670 3198 sub
685 3157 757 3213 rupe
773 3138 923 3213 Lupercal,

188 3236 338 3294 Parrhasio
353 3236 466 3294 dictum
482 3239 577 3296 Panos
592 3238 629 3295 de
645 3255 726 3295 more
743 3236 857 3311 Lycaei.

188 3336 254 3392 Nec
269 3353 328 3393 non
344 3346 374 3394 et
388 3336 460 3394 sacri
476 3346 617 3395 monstrat
630 3354 734 3393 nemus
749 3335 866 3410 Argileti

187 3443 364 3510 testaturque
379 3435 477 3492 locum
493 3445 523 3492 et
537 3435 627 3492 letum
645 3433 735 3492 docet
750 3433 870 3506 hospitis
885 3433 962 3506 Argi.

189 3531 270 3589 Hinc
285 3531 324 3590 ad
337 3533 492 3606 Tarpeiam
507 3532 609 3591 sedem
624 3542 653 3590 et
669 3531 814 3607 Capitolia
828 3530 917 3599 ducit,

188 3648 276 3688 aurea
289 3648 377 3700 nunc,
393 3630 462 3687 olim
476 3630 652 3688 silvestribus
667 3629 785 3687 horrida
798 3627 904 3685 dumis.

190 3730 252 3786 Iam
267 3736 329 3783 tum
343 3727 444 3800 religio
459 3727 581 3800 pavidos
597 3728 724 3786 terrebat
739 3727 857 3801 agrestis

276 3854 308 3885 auu
325 3856 386 3899 exul,
414 3855 441 3900 R,
576 3855 610 3887 aar
620 3857 728 3914 suerum,
754 3856 786 3900 Η,
933 3855 967 3887 ⁸⁸⁸
983 3857 1094 3899 Romano.
1123 3857 1154 3900 H.
