2742 4284
187 305 229 380 46
503 301 534 362 Τ
529 301 570 364 lte
591 301 704 364 Battle
726 303 768 383 of
784 301 926 364 Actium.
1119 311 1250 375 [AErmn.

188 488 262 547 Galli
277 506 330 562 per
345 488 450 546 dumos
466 486 587 545 aderant
602 505 758 562 arcemque
774 488 924 557 tenebant,

188 585 300 643 defensi
315 586 441 645 tenebris
458 595 487 642 et
501 584 582 644 dono
594 586 693 656 ¹noctis
708 603 839 659 opacae:

188 701 275 740 aurea
290 683 432 740 caesaries
447 683 510 740 ollis
525 691 614 758 atque
630 699 717 740 aurea
732 682 827 754 vestis,

188 781 302 856 virgatis
317 781 415 837 lucent
431 782 546 856 saguliS,
563 791 625 838 turn
641 781 734 838 lactea
749 781 826 838 colla

188 897 258 937 auro
272 879 467 949 innectuntur,
484 879 545 936 duo
560 879 683 953 quisque
699 879 805 953 Alpina
819 888 976 936 comscant

189 994 275 1052 gaesa
289 995 386 1044 manu,
403 977 491 1034 scutis
508 977 633 1050 protecti
650 993 775 1050 corpora
788 976 890 1051 longis.

191 1074 250 1131 Hic
266 1073 432 1130 exsultantis
448 1073 539 1132 Salios
555 1073 710 1148 nudosque
727 1074 876 1148 Lupercos

189 1171 389 1245 lanigerosque
405 1171 504 1246 apices
519 1182 548 1228 et
564 1172 644 1245 lapsa
658 1171 763 1228 ancilia
777 1172 859 1228 caelo

190 1267 349 1336 extuderat‚
365 1277 461 1325 castae
480 1268 630 1327 ducebant
645 1287 727 1326 sacra
741 1287 793 1343 per
806 1271 908 1328 urbem

189 1366 304 1440 pilentis
319 1375 424 1423 matres
441 1367 470 1422 in
487 1366 631 1424 mollibus.
677 1367 759 1422 Hinc
773 1366 876 1441 procul
889 1366 973 1425 addit

189 1465 339 1520 Tartareas
355 1465 443 1521 etiam
460 1463 554 1535 sedes,
571 1464 628 1520 alta
642 1466 716 1522 ostia
733 1465 817 1535 Ditis,

190 1573 220 1620 et
234 1563 375 1619 scelerum
392 1578 504 1636 poenas
521 1572 550 1619 et
565 1571 603 1632 te,
621 1562 758 1633 Catilina,
774 1563 879 1620 minaci

190 1659 371 1735 pendentem
387 1661 509 1735 scopulo
524 1660 720 1735 furiarumque
734 1678 786 1717 ora
800 1670 984 1732 trementem,

191 1767 376 1831 secretosque
392 1758 466 1830 pios5
484 1757 527 1814 his
543 1757 662 1815 dantem
679 1758 741 1814 iura
756 1759 910 1816 Catonem.

192 1858 279 1914 Haec
293 1856 368 1912 inter
384 1855 488 1912 tumidi
504 1855 560 1912 late
578 1856 663 1912 maris
679 1856 740 1913 ibat
755 1857 853 1931 imago

191 1971 287 2023 aurea,
304 1952 355 2010 sed
371 1952 459 2009 fluctu
476 1954 650 2027 spumabant
664 1955 780 2010 caerula
794 1973 888 2026 cano;

192 2062 220 2108 et
235 2052 345 2108 circum
361 2061 481 2125 argento
498 2050 566 2108 clari
583 2050 737 2125 delphines
752 2052 781 2109 in
797 2053 899 2110 orbem

192 2168 319 2224 aequora
333 2149 485 2206 verrebant
500 2149 601 2217 caudis
617 2159 788 2225 aestumque
804 2152 954 2209 secabant.

193 2250 228 2306 In
243 2247 342 2305 medio
358 2247 455 2304 classis
472 2257 591 2318 aeratas,
608 2248 693 2305 Actia
707 2248 791 2317 bella,

193 2364 311 2403 cernere
326 2355 395 2415 erat,
414 2355 567 2419 totumque
584 2346 726 2404 instructo
741 2348 836 2404 Marte
851 2346 964 2405 videres

192 2445 300 2501 fervere
317 2445 465 2501 Leucaten
481 2461 609 2518 auroque
626 2442 762 2518 effulgere
777 2444 890 2503 fluctus.

195 2542 275 2600 Hinc
290 2544 436 2616 Augustus
453 2559 541 2615 agens
558 2542 646 2599 ltalos
661 2541 692 2598 in
707 2543 817 2616 proelia
831 2545 940 2601 Caesar

193 2659 260 2698 cum
275 2640 404 2714 patribus
419 2640 599 2715 populoque,
618 2641 773 2714 penatibus
788 2652 817 2698 et
831 2644 944 2717 magnis
959 2644 1012 2714 dis,

193 2748 273 2796 stans
288 2737 365 2794 celsa
380 2737 409 2793 in
423 2738 514 2812 puppi
529 2759 535 2807 ;
559 2739 691 2812 geminas
706 2740 753 2797 cui
767 2749 901 2815 tempora
914 2741 1045 2798 flammas

193 2837 271 2894 laeta
284 2845 406 2892 vomunt
421 2835 604 2909 patriumque
621 2837 749 2911 aperitur
762 2839 869 2895 vertice
884 2837 973 2896 sidus

195 2937 277 2993 Parte
293 2933 348 2990 alia
362 2932 454 2990 ventis
472 2943 501 2990 et
517 2933 561 2990 dis
579 2935 708 3009 Agrippa
722 2934 859 2994 secundis

194 3031 300 3090 arduus
315 3047 421 3105 agmen
437 3049 545 3105 agens;
571 3032 628 3103 cui,
643 3031 710 3090 belli
725 3033 836 3108 insigne
852 3037 1019 3109 superbum,

194 3140 327 3204 tempora
341 3129 434 3186 navali
453 3130 564 3204 fulgent
579 3140 700 3188 rostrata
714 3150 832 3190 corona.

196 3229 276 3286 Hinc
291 3245 348 3302 ope
363 3227 513 3286 barbarica
531 3230 673 3304 variisque
690 3232 832 3289 Antonius
847 3233 942 3302 armis,

194 3327 295 3382 Victor
309 3326 346 3382 ab
361 3329 488 3385 Aurorae
507 3328 622 3403 populis
638 3337 666 3384 et
681 3329 763 3385 litore
777 3330 873 3400 rubm,

195 3427 359 3499 Aegyptum
377 3426 507 3500 viresque
525 3425 652 3484 Orientis
667 3436 697 3483 et
711 3427 812 3484 ultima
826 3447 926 3485 secum

197 3525 300 3580 Bactra
313 3523 401 3594 vehit,
418 3524 606 3598 sequiturque
628 3523 740 3600 (nefas)
761 3526 903 3601 Aegyptia
918 3526 1055 3585 coniunx.

195 3622 268 3680 Una
279 3639 381 3679 omnes
397 3640 490 3691 ruere,
508 3631 652 3680 actutum
670 3641 804 3696 spumare
819 3623 947 3681 reductis

196 3720 366 3778 convolsum
383 3719 469 3776 remis
485 3719 641 3794 rostrisque
656 3720 829 3780 tridentibus
844 3739 962 3795 aequor.

197 3819 262 3874 Alta
277 3827 397 3892 petunt:
422 3817 525 3891 pelago
541 3815 642 3872 credas
658 3818 757 3874 innare
772 3819 897 3876 revolsas
