2742 4284
142 324 274 390 1X.358.]
414 317 500 400 Tltey
524 319 709 402 Slaughter
729 321 783 383 tae
802 321 933 386 Rutuli.

142 504 343 564 Rhamnetem
356 505 533 582 adgreditur,
550 508 600 582 qui
614 507 688 566 forte
703 511 849 584 tapetibus
862 511 925 568 altis

141 612 306 662 exstructus
322 613 384 662 toto
399 603 540 680 proflabat
554 616 675 680 pectore
690 624 836 666 somnum.

140 702 209 759 Rex
223 699 304 759 idern
318 712 348 759 et
361 702 421 778 regi
431 703 536 760 ,Turno
552 703 730 778 gratissimus
743 724 845 784 augur,

139 798 271 857 sednon
286 800 406 875 augurio
422 800 516 875 potuit
533 799 681 876 depellere
696 813 819 878 pestem.

138 899 206 956 Tris
221 898 302 955 iuxta
315 897 437 955 famulos
455 908 564 955 tenrere
580 899 654 956 inter
668 900 725 957 tela
740 902 861 960 iacentis

138 999 375 1073 armigerumque
392 998 480 1055 Remi
495 999 599 1073 premit
613 999 802 1074 aurigamque
816 1001 871 1059 sub
884 1002 954 1077 ipsis

138 1107 265 1155 nanctus
281 1098 363 1172 equis
380 1098 515 1172 ferroque
531 1109 611 1156 secat
625 1098 786 1173 pendentia
800 1099 894 1170 colla;

137 1206 202 1254 tum
217 1205 306 1271 caput
321 1195 375 1270 ipsi
392 1196 484 1253 aufert
499 1196 621 1254 domino
636 1206 830 1273 truncumque
844 1197 979 1273 relinquit

137 1294 281 1369 sanguine
296 1295 501 1370 singultantem
514 1316 521 1366 ;
545 1306 606 1352 atro
621 1296 769 1370 tepefacta
782 1313 885 1353 cruore

137 1402 215 1450 terra
231 1393 343 1467 torique
361 1393 490 1450 madent.
534 1393 676 1451 Necnon
692 1394 906 1468 Lamyrumque
923 1395 1104 1470 Lamumque

137 1499 168 1548 et
182 1491 320 1548 iuvenem
334 1491 498 1562 Serranum,
514 1491 561 1548 illa
575 1492 624 1565 qui
636 1491 760 1566 plurima
773 1501 862 1549 nocte

136 1589 253 1658 luserat,
269 1589 389 1663 insignis
405 1589 489 1659 facie,
506 1589 655 1663 multoque
671 1589 786 1647 iacebat

136 1687 273 1744 membra
287 1685 345 1744 deo
361 1686 471 1745 victus:
495 1686 571 1756 felix,
587 1687 611 1744 si
625 1667 757 1761 protinus
772 1688 852 1745 illurn

136 1794 293 1859 aequasset
308 1784 387 1842 nocti
404 1783 506 1842 ludum
522 1786 551 1842 in
567 1784 723 1859 lucemque
738 1786 857 1844 tulisset.

136 1883 286 1957 Impastus
302 1899 357 1938 ceu
373 1883 460 1957 plena
475 1883 522 1939 leo
537 1899 590 1956 per
604 1883 690 1940 ovilia
703 1883 821 1941 turbans

139 1977 263 2056 (suadet
277 1980 356 2037 enirn
371 1997 479 2038 vesana
494 1980 601 2055 fames)
620 1979 792 2056 manditque
805 1982 950 2058 trahitque

134 2077 225 2136 molle
240 2094 332 2152 pecus
348 2087 523 2153 mutumque
539 2087 627 2148 metu,
644 2078 740 2136 fremit
754 2098 805 2137 ore
820 2090 959 2138 cruento:

133 2193 193 2234 nec
208 2175 305 2232 minor
320 2176 436 2251 Euryali
451 2175 578 2248 caedes3
602 2177 738 2235 incensus
753 2177 858 2253 etipse

133 2273 257 2349 perfurit
271 2291 306 2330 ac
322 2273 442 2331 multam
458 2275 487 2330 in
502 2273 603 2332 medio
618 2275 680 2331 sine
696 2275 816 2333 nomine
831 2277 957 2352 plebem,

134 2370 311 2445 Fadumque
329 2371 555 2446 Herbesumque
571 2373 647 2430 subit
662 2373 870 2448 Rhoetumque
885 2375 1071 2449 Abarimque,

133 2470 261 2544 ignaros,
277 2469 428 2527 Rhoetum
444 2470 609 2546 vigilantem
624 2481 654 2527 et
669 2481 776 2528 cuncta
789 2471 948 2542 ridentem,

132 2565 190 2624 sed
204 2584 344 2641 magnum
360 2577 493 2626 metuens
508 2586 539 2626 se
554 2578 621 2643 post
636 2579 747 2626 cratera
760 2570 895 2644 tegebat;

132 2673 257 2739 pectore
272 2664 302 2720 in
317 2662 439 2723 adverso
455 2674 549 2723 totum
566 2666 613 2723 cui
628 2667 793 2723 comminus
809 2685 910 2724 ensem
1015 2731 1022 2746 ι

133 2760 270 2819 condidit
285 2762 452 2838 adsurgenti
467 2773 497 2820 et
512 2764 602 2821 multa
617 2774 710 2821 morte
724 2765 844 2838 recepit.

136 2862 316 2934 Purpuream
332 2860 422 2917 vomit
437 2860 483 2918 ille
498 2862 626 2918 animam
641 2871 671 2919 et
686 2881 753 2920 curn
769 2864 909 2937 sanguine
925 2864 1013 2920 mixta

132 2958 201 3015 vina
214 2956 302 3014 refert
316 2959 442 3016 moriens
454 2979 462 3029 3
485 2959 532 3016 hic
547 2958 623 3017 furto
638 2959 766 3018 fervidus
781 2960 876 3018 instat.

134 3056 258 3130 Iamque
274 3054 312 3112 ad
328 3057 459 3130 Messapi
474 3058 570 3115 socios
585 3057 745 3130 tendebat3
768 3058 807 3116 ibi
822 3058 920 3133 ignem

132 3151 262 3210 deficere
278 3161 441 3212 extremum
457 3163 486 3211 et
500 3155 636 3230 religatos
651 3157 704 3212 rite
720 3156 837 3214 videbat

133 3269 253 3326 carpere
268 3269 388 3326 gramen
404 3270 513 3327 equos:
537 3253 661 3311 breviter
675 3273 745 3312 cum
760 3255 827 3313 talia
842 3256 938 3326 Nisus,

132 3349 224 3405 sensit
239 3349 318 3406 enirn
332 3349 422 3406 nimia
435 3350 528 3408 caede
543 3361 630 3427 atque
647 3352 786 3428 cupidine
801 3352 866 3411 ferri
879 3375 884 3410 :

133 3449 142 3476 ‘
151 3447 353 3517 Absistamus‚’
370 3447 418 3518 ait,
436 3451 518 3504 ‘nam
533 3449 583 3507 lux
597 3449 716 3507 inimica
729 3451 914 3525 propinquat.

133 3545 299 3602 Poenarum
314 3545 486 3603 exhaustum
500 3547 567 3604 satis
582 3558 635 3617 est,
651 3547 697 3604 via
711 3548 789 3605 sacta
802 3567 856 3623 per
869 3549 981 3608 hostis)

133 3641 228 3699 Multa
241 3642 334 3699 virum
349 3642 444 3701 solido
458 3655 579 3718 argento
594 3646 725 3719 perfecta
738 3645 905 3721 relinquunt

132 3757 272 3813 armaque
287 3750 470 3815 craterasque
485 3742 570 3799 simul
584 3743 781 3818 pulchrosque
796 3753 918 3818 tapetas.

551 3870 584 3904 ⁸³1
599 3877 689 3918 nactus.
710 3873 767 3918 Eds.
