2742 4284
114 333 230 397 1X.84.]
367 324 397 384 T
393 323 433 385 lae
455 323 579 386 Rutuli
599 324 722 386 Attack
745 324 797 385 tlte
822 323 928 404 Sths.
1132 338 1168 403 51

113 511 245 585 ‘Ecquis
261 511 323 582 erit,
339 529 465 581 mecum,
481 510 610 581 iuvenes,
626 511 677 584 qui
692 511 801 584 primus
815 510 846 566 in
862 509 998 566 bostem?

113 609 183 680 En‚’
199 608 239 665 ait
253 618 283 664 et
297 609 423 665 iaculum
439 616 608 682 attorquens
623 607 729 664 emittit
744 607 880 678 inauras,

113 704 293 780 principium
306 691 432 780 pugnae,
450 715 478 763 et
494 723 602 780 campo
617 723 680 762 sese
698 703 805 763 arduus
820 705 914 762 infert.

113 803 253 862 Clamore
269 802 417 876 excipiunt
433 804 504 859 socii
519 803 695 876 fremituque
710 812 871 877 sequuntur

114 901 287 959 horrisono:
310 901 458 958 Teucrum
473 901 613 958 mirantur
628 901 730 959 inertia
744 900 844 971 corda,

113 1017 176 1056 non
191 1017 287 1073 aequo
302 997 371 1056 dare
387 1017 418 1056 se
434 1017 550 1074 campo,
567 1017 627 1056 non
642 999 729 1056 obvia
743 1000 815 1056 ferre

115 1115 197 1154 arma
209 1097 295 1167 viros,
311 1096 364 1154 sed
379 1106 472 1154 castra
486 1097 595 1156 fovere.
642 1099 712 1154 Huc
727 1097 858 1154 turbidus
873 1106 960 1170 atque
975 1091 1033 1154 huc

114 1195 215 1253 lustrat
230 1212 307 1268 equo
323 1213 421 1252 muros
437 1194 607 1270 aditumque
623 1213 676 1270 per
691 1196 754 1251 avia
768 1195 890 1269 quaerit.

114 1294 158 1349 Ac
173 1292 262 1348 veluti
277 1293 366 1366 pleno
381 1293 465 1367 lupus
481 1292 632 1351 insidiatus
647 1292 714 1350 ovili

114 1408 183 1446 cum
199 1388 295 1446 fremit
309 1388 346 1446 ad
363 1391 469 1460 caulaS,
485 1399 588 1456 ventos
603 1408 759 1466 perpessus
774 1400 805 1447 et
818 1390 926 1460 imbris,

114 1496 204 1544 nocte
220 1505 307 1562 super
321 1487 419 1544 media
432 1509 438 1558 ;
468 1489 522 1544 tuti
537 1489 591 1546 sub
607 1488 747 1546 matribus
761 1487 829 1562 agni

115 1585 245 1642 balatum
259 1593 406 1656 exercent,
421 1585 468 1642 ille
483 1603 569 1660 asper
582 1596 612 1642 et
627 1586 778 1660 improbus
794 1585 835 1642 ira

114 1683 207 1740 saevit
218 1682 248 1738 in
263 1682 398 1752 absentis,
416 1683 540 1740 collecta
554 1684 654 1757 fatigat
668 1682 778 1740 edendi

114 1779 256 1854 exlongo
271 1781 364 1838 rabies
380 1791 409 1837 et
424 1781 519 1838 siccae
535 1781 675 1856 sanguine
690 1780 808 1837 fauces:

114 1875 195 1934 haud
210 1877 292 1934 aliter
307 1878 415 1935 Rutulo
430 1896 527 1935 muros
543 1886 573 1935 et
587 1887 682 1935 castra
696 1878 789 1934 tuenti

113 1976 271 2050 ignescunt
285 1975 353 2046 irae,
369 1974 447 2033 duris
463 1975 548 2033 dolor
562 1976 676 2032 ossibus
691 1975 783 2034 ardet.

114 2073 185 2146 Qua
198 2081 323 2148 temptet
337 2073 448 2130 ratione
463 2073 559 2130 aditus
575 2083 603 2130 et
618 2092 694 2148 quae
708 2074 755 2129 via
769 2075 883 2132 clausos

114 2172 244 2228 excutiat
257 2172 389 2228 Teucros
404 2171 478 2228 vallo
493 2181 580 2246 atque
596 2171 727 2228 effundat
742 2172 771 2227 iu
786 2172 936 2245 aequum?

114 2268 260 2339 Classem,
276 2287 350 2343 quae
366 2268 447 2326 lateri
462 2279 621 2326 castrorum
636 2268 775 2325 adiuncta
788 2269 906 2340 latebat,

114 2367 273 2441 aggeribus
288 2377 421 2441 saeptam
436 2367 546 2424 circum
562 2377 591 2423 et
606 2366 765 2424 fluvialibus
780 2367 875 2438 undis,

112 2463 228 2522 invadit
242 2464 397 2538 sociosque
412 2464 550 2522 incendia
564 2465 660 2539 poscit
674 2465 786 2522 ovantis

113 2570 205 2635 atque
219 2580 339 2619 manum
354 2562 425 2636 pinu
440 2561 571 2638 flagranti
585 2561 713 2620 fervidus
728 2563 839 2637 implet.

112 2660 194 2717 Tum
209 2677 279 2717 vero
291 2659 473 2732 incumbunt,
484 2669 567 2734 urget
581 2660 746 2735 praesentia
760 2662 860 2731 Turni,

114 2767 205 2831 atque
220 2757 315 2815 omnis
330 2757 442 2816 facibus
457 2759 550 2832 pubes
565 2759 727 2833 accingitur
741 2759 816 2816 atris.

115 2855 272 2930 Diripuere
287 2855 389 2927 focos;
411 2856 530 2930 piceum
545 2857 599 2913 fert
614 2855 726 2913 fumida
740 2856 839 2915 lumen

113 2953 205 3010 taeda
219 2962 249 3010 et
264 2954 453 3011 commixtam
468 2954 617 3012 Volcanus
632 2953 670 3012 ad
685 2965 759 3010 astra
774 2954 907 3011 favillam.

160 3049 232 3122 Quis
247 3047 330 3122 deus,
346 3068 365 3107 o
379 3069 488 3120 musae,
506 3060 566 3108 tam
581 3068 667 3108 saeva
682 3050 819 3107 incendia
833 3051 954 3108 Teucris

114 3147 240 3205 avertit?
280 3148 391 3205 Tantos
406 3149 513 3206 ratibus
528 3148 593 3224 quis
609 3147 721 3223 depulit
736 3149 839 3224 ignes?

116 3245 225 3303 Dicite.
269 3246 367 3303 Prisca
381 3246 455 3303 fides
470 3247 557 3316 fact0,
574 3245 627 3303 sed
642 3246 720 3303 fama
735 3247 879 3322 perennis

114 3343 265 3419 Tempore
281 3362 340 3418 quo
356 3344 483 3419 primum
498 3343 621 3419 Phrygia
636 3345 780 3402 formabat
794 3344 824 3401 in
840 3344 894 3401 Ida

114 3444 233 3499 Aeneas
249 3441 373 3499 classem
388 3451 417 3499 et
432 3442 526 3516 pelagi
541 3452 641 3517 petere
657 3442 715 3499 alta
729 3444 858 3517 parabat,

114 3541 182 3615 ipsa
196 3538 286 3596 deum
301 3539 389 3596 fertur
403 3540 534 3614 genetrix
550 3541 724 3616 Berecyntia
739 3559 877 3615 magnum

114 3637 239 3695 vocibus
254 3636 298 3694 his
314 3637 411 3694 adfata
427 3639 547 3695 Iovem:
572 3639 646 3709 ‘Da,
662 3649 740 3710 nate,
755 3638 876 3714 petenti,

116 3732 199 3808 quod
214 3744 266 3791 tua
280 3752 348 3792 cara
362 3752 467 3809 parens
483 3733 597 3792 domito
612 3745 641 3793 te
656 3736 753 3810 poscit
768 3735 906 3810 Olympo

205 3860 228 3894 ⁶⁴
243 3863 375 3909 clamorem.
396 3863 424 3910 R.
576 3862 597 3898 ⁶⁷
612 3877 660 3922 qua
671 3865 705 3912 vi.
726 3866 756 3911 R.
907 3864 929 3897 ⁸⁸
943 3877 1040 3922 aequor.
1061 3866 1091 3911 R.
