2742 4284
134 312 185 362 111.
200 311 269 378 566]
459 303 637 368 Universal
656 306 882 370 Devastation.

134 490 214 564 Ergo
231 507 317 565 aegre
333 491 428 548 rastris
444 501 548 548 terram
563 493 711 563 rimantur,
728 502 757 550 et
771 493 840 568 ipsis

133 586 279 662 unguibus
294 585 441 645 infodiunt
455 589 559 664 frugeS,
574 590 741 664 montisque
754 608 806 665 per
819 592 893 648 altos

133 693 275 742 contenta
289 685 402 742 cervice
417 686 534 744 trahunt
548 687 700 745 stridentia
713 689 849 762 plaustra.
864 725 871 738 ·

134 783 204 840 Non
220 782 305 857 lupus
321 782 439 841 insidias
454 785 585 859 explorat
599 786 686 843 ovilia
699 786 810 843 circum

133 897 191 936 nec
205 880 341 955 gregibus
357 890 516 939 nocturnus
530 882 717 944 obambulat:
741 884 834 941 acrior
848 884 927 941 illum

133 996 204 1034 cura
218 977 339 1051 domat3
362 979 455 1036 timidi
470 979 605 1038 dammae
620 981 756 1055 cervique
772 981 889 1056 fugaces

133 1093 213 1132 nunc
228 1075 360 1152 interque
375 1095 463 1136 canes
478 1087 507 1135 et
522 1077 633 1135 circum
647 1087 727 1136 tecta
740 1089 886 1154 vagantur.

134 1174 200 1230 Iam
215 1175 301 1231 maris
316 1175 451 1234 immensi
465 1176 579 1251 prolem
594 1186 623 1234 et
637 1196 729 1252 genus
744 1195 832 1234 omne
847 1188 998 1235 natantum

132 1271 216 1327 litore
230 1271 261 1328 in
276 1282 406 1331 extremo
422 1293 477 1332 ceu
493 1275 632 1350 naufraga
645 1292 770 1349 corpora
783 1274 887 1331 fluctus

133 1368 240 1442 proluit
246 1389 254 1441 3
276 1370 409 1429 insolitae
424 1373 537 1447 lugiunt
552 1373 581 1430 in
597 1372 717 1429 flumina
730 1372 854 1447 phocae.

135 1466 238 1524 Interit
253 1477 282 1524 et
297 1469 390 1526 curvis
404 1469 506 1526 frustra
521 1469 642 1528 defensa
656 1470 771 1528 latebris

132 1563 233 1638 vipera
247 1574 276 1622 et
290 1567 404 1624 attoniti
419 1567 547 1642 squamis
562 1565 744 1626 adstantibus
759 1568 851 1644 hydri.

134 1661 210 1735 Ipsis
226 1672 269 1719 est
283 1663 334 1720 alit
348 1664 449 1722 avibus
464 1683 525 1722 non
540 1683 659 1739 aequus,
674 1675 705 1723 et
718 1665 785 1722 illae

132 1759 309 1834 praecipites
323 1761 380 1818 alta
394 1763 483 1820 vitam
497 1762 552 1820 sub
566 1763 644 1820 nube
658 1763 833 1838 relinquunt.

134 1856 287 1913 Praeterea
301 1877 358 1915 nec
372 1860 476 1917 mutari
492 1860 550 1916 iarn
565 1859 672 1934 pabula
685 1861 780 1931 refert,

132 1962 208 2011 artes
223 1965 333 2013 nocent
347 1953 577 2032 quaesitaeque5
600 1975 714 2016 cessere
730 1959 857 2034 magistri

133 2050 303 2132 Phillyrides
319 2054 429 2113 Chiron
445 2055 717 2132 Amythaoniusque
733 2056 909 2131 Melampus.

133 2149 229 2207 Saevit
244 2161 273 2208 et
289 2152 317 2208 iu
332 2152 426 2210 lucem
443 2154 546 2230 Stygiis
562 2154 667 2211 emissa
681 2154 808 2212 tenebris

132 2246 240 2322 pallida
254 2248 415 2324 Tisiphone
432 2251 554 2309 Morbos
569 2252 710 2326 agitante
726 2253 909 2327 Metumque¹

132 2346 221 2421 inque
237 2345 300 2404 dies
315 2347 433 2406 avidum
449 2367 569 2427 surgens
584 2359 672 2424 caput
688 2349 771 2406 altius
786 2350 876 2408 effert.

132 2443 235 2502 Balatu
250 2463 391 2520 pecorum
406 2456 436 2504 et
450 2447 557 2504 crebris
572 2448 730 2522 mugitibus
744 2466 846 2504 amnes

131 2525 305 2618 arentesque
320 2555 426 2603 sonant
439 2545 519 2620 ripae
537 2545 686 2619 collesque
702 2546 807 2620 supini.

132 2640 256 2715 Iamque
272 2644 440 2701 catervatim
455 2642 505 2701 dat
520 2653 645 2719 stragem
660 2653 748 2718 atque
764 2653 880 2718 aggerat
895 2645 964 2718 ipsis

131 2737 162 2794 in
177 2738 295 2796 stabulis
311 2742 386 2816 turpi
401 2741 513 2817 dilapsa
527 2741 670 2800 cadavera
684 2742 763 2813 tabo,

123 2834 231 2898 ,donec
246 2837 336 2895 humo
351 2847 449 2914 tegere
466 2859 500 2897 ae
515 2841 605 2898 foveis
621 2839 804 2900 abscondere
819 2839 945 2897 discunt.

132 2934 211 2991 Nam
226 2953 324 3009 neque
339 2946 399 2993 erat
415 2938 500 2994 coriis
516 2957 593 3010 usus,
609 2957 667 2997 nec
681 2938 792 2995 viscera
806 2938 959 3013 quisquam

131 3042 180 3089 aut
195 3032 281 3090 undis
297 3034 413 3092 abolere
428 3045 525 3110 potest
533 3029 589 3093 ‘aut
603 3037 720 3094 vincere
735 3036 870 3107 flamma;

130 3147 169 3188 ne
184 3130 308 3188 tondere
325 3131 445 3206 quidem
460 3134 563 3191 morbo
578 3134 743 3209 inluvieque
758 3152 861 3209 peresa

130 3227 237 3285 vellera
251 3247 308 3286 nec
323 3230 394 3287 telas
409 3241 530 3305 possunt
546 3232 686 3306 attingere
702 3232 793 3305 putris
806 3253 812 3301 ;

130 3343 231 3384 verum
247 3327 334 3384 etiam
350 3329 456 3387 invisos
471 3330 559 3404 siquis
575 3339 731 3404 temptaret
745 3330 878 3399 amictus,

130 3423 267 3482 ardentes
283 3426 407 3500 papulae
423 3437 510 3502 atque
526 3427 695 3486 immundus
711 3428 819 3486 olentia
833 3426 921 3485 sudor

129 3521 261 3579 membra
276 3524 459 3597 sequebatur,
475 3545 532 3584 nec
546 3527 634 3601 longo
649 3525 759 3583 deinde
773 3526 897 3582 moranti

128 3629 264 3693 tempore
279 3631 432 3680 contactos
446 3632 523 3682 artus
539 3642 621 3682 sacer
635 3624 709 3699 ignis
724 3623 840 3681 edebat.

511 3751 543 3786 ³⁴⁸
553 3767 595 3797 nec
605 3754 696 3798 mutari
706 3755 761 3798 iam.
778 3753 806 3798 R.
