2742 4284
131 287 173 333 xr.
186 285 244 346 na]
435 269 465 334 Τ
461 271 501 336 lte
523 270 671 336 Funeral
690 271 890 336 Procession.
1129 285 1185 352 105

129 461 224 520 induit
241 478 413 537 arsurasque
428 478 529 519 comas
543 460 667 519 obnubit
682 460 800 530 amictu,

127 560 280 634 multaque
296 567 447 633 praeterea
463 557 615 616 Laurentis
630 557 762 633 praemia
775 547 891 633 pugnae

127 666 247 733 aggerat
261 655 393 731 erlongo
410 653 551 730 praedam
567 655 648 713 iubet
664 653 767 713 ordine
783 655 861 713 duci.

125 754 220 813 Addit
235 771 329 829 equos
343 762 373 811 et
387 753 454 825 tela,
472 752 577 828 quibus
592 752 766 828 spoliaverat
781 752 905 812 hostem.

124 853 267 911 Vinxerat
282 861 311 909 et
325 860 392 927 post
407 862 488 926 terga
503 869 615 923 manus,
632 869 708 926 quos
723 851 850 908 mitteret
863 850 973 909 umbris

125 950 253 1021 inferias,
270 967 358 1007 caeso
372 967 522 1024 sparsuros
540 949 680 1024 sanguine
696 948 836 1019 flammas,

124 1046 307 1122 indutosque
322 1047 402 1106 iubet
416 1057 535 1106 truncos
554 1047 706 1106 hostilibus
721 1048 807 1105 armis

124 1145 205 1220 ipsos
220 1145 295 1202 ferre
310 1143 402 1204 duces
417 1144 594 1220 inimicaque
613 1146 735 1203 nomina
747 1145 806 1221 figi.

125 1244 254 1300 Ducitur
267 1243 367 1300 infelix
380 1261 455 1301 aevo
470 1243 623 1301 confectus
640 1245 787 1302 Acoetes:

123 1351 250 1417 pectora
264 1358 344 1398 nunc
357 1340 480 1400 foedans
497 1341 611 1417 pugnis,
627 1360 708 1400 nunc
721 1342 866 1417 unguibus
880 1361 932 1400 ora

123 1439 265 1498 sternitur
278 1447 308 1497 et
322 1448 385 1497 toto
399 1439 547 1515 proiectus
565 1458 689 1516 corpore
705 1449 798 1498 terrae
821 1484 827 1497 .
851 1486 858 1498 .
882 1485 888 1497 .

123 1539 249 1595 Ducunt
264 1546 294 1595 et
307 1536 417 1594 Rutulo
432 1537 565 1612 perfusos
585 1537 725 1613 sanguine
740 1556 848 1596 currus.

124 1637 196 1694 Post
211 1633 334 1693 bellator
348 1652 440 1709 equus
454 1635 558 1710 positis
577 1635 738 1710 insignibus
752 1636 870 1694 Aethon

123 1734 146 1789 it
160 1733 316 1791 lacrimans
330 1732 477 1808 guttisque
492 1743 623 1793 umectat
638 1733 798 1810 grandibus
812 1752 872 1792 ora.

125 1832 255 1888 Hastam
269 1830 316 1888 alii
330 1829 504 1906 galeamque
518 1831 624 1903 serunt,
640 1851 709 1890 nam
725 1841 822 1889 cetera
834 1833 949 1889 Tumus

124 1930 218 1987 victor
232 1928 329 1986 habet.
371 1929 449 1986 Tum
463 1939 577 1987 maesta
593 1930 720 2005 phalanx
734 1930 900 2004 Teucrique
915 1939 1075 2004 sequuntur

124 2026 325 2102 Tyrrhenique
340 2043 444 2084 omnes
459 2035 489 2085 et
502 2028 592 2086 versis
609 2027 741 2086 Arcades
755 2028 850 2085 armis.

124 2127 287 2200 Postquam
302 2125 399 2183 omnis
413 2125 502 2202 longe
519 2127 661 2184 comitum
677 2136 875 2202 praecesserat
890 2125 973 2198 ordo,

124 2223 253 2282 substitit
266 2225 381 2281 Aeneas
396 2224 565 2299 gemituque
581 2224 655 2283 haec
671 2223 786 2282 addidit
800 2224 877 2281 alto:

124 2322 208 2380 ‘Nos
223 2320 293 2378 alias
308 2320 378 2378 hinc
393 2320 431 2378 ad
447 2322 580 2380 lacrimas
596 2322 702 2381 eadem
717 2322 834 2381 horrida
848 2322 916 2380 belli

123 2419 182 2477 fata
195 2427 321 2477 vocant:
345 2419 424 2478 salve
440 2429 591 2480 aeternum
607 2419 688 2493 mihi,
705 2420 831 2479 maxime
847 2420 934 2491 Palla,

124 2528 336 2591 aeternumque
349 2517 433 2576 vale!
478 2516 544 2586 Nec
559 2519 642 2594 plura
656 2519 760 2577 effatus
774 2516 813 2575 ad
827 2518 900 2575 altos

124 2607 266 2667 tendebat
280 2627 379 2667 muros
395 2627 585 2685 gressumque
601 2610 631 2668 in
647 2620 742 2668 castra
755 2609 874 2667 ferebat.

164 2709 288 2781 Iamque
303 2716 431 2765 oratores
447 2706 568 2766 aderant
584 2726 620 2766 ex
634 2708 705 2766 urbe
721 2708 833 2778 Latina,

126 2805 209 2863 velati
223 2805 311 2863 ramis
326 2805 410 2864 oleae
426 2807 599 2882 veniamque
615 2817 769 2882 rogantes:

124 2921 257 2979 corpora,
272 2921 326 2978 per
341 2921 464 2980 campos
481 2905 556 2962 ferro
572 2923 648 2980 quae
664 2904 728 2962 fusa
741 2903 885 2976 iacebant,

124 3000 261 3059 redderet
276 3019 311 3058 ac
325 3002 439 3061 tumulo
454 3003 561 3061 sineret
576 3001 738 3060 succedere
752 3010 844 3058 terrae
857 3022 864 3073 ς

124 3100 234 3158 nullum
249 3118 318 3157 cum
336 3101 418 3160 victis
434 3111 585 3159 certamen
601 3111 631 3158 et
645 3100 763 3158 aethere
778 3099 887 3171 cassis;

125 3207 257 3272 parceret
272 3198 433 3274 hospitibus
449 3199 601 3275 quondam
613 3198 785 3278 soc-erisque
800 3197 921 3256 vocatis.

126 3295 207 3369 Quos
222 3296 318 3355 bonus
334 3300 450 3356 Aeneas
465 3298 545 3356 haud
560 3295 748 3373 aspernanda
762 3295 908 3371 precantis

125 3395 309 3470 prosequitur
323 3397 408 3453 venia
422 3406 452 3454 et
465 3397 559 3455 verbis
575 3395 648 3454 haec
664 3395 784 3469 insuper
796 3392 897 3450 addit:

127 3492 299 3566 ‘Quaenam
314 3511 366 3551 vos
381 3503 463 3551 tanto
478 3493 593 3551 fortuna
608 3492 737 3566 indigna,
754 3491 858 3561 Latini,
930 3539 933 3543 ,

126 3588 268 3664 implicuit
280 3589 369 3663 belle,
385 3591 436 3666 qui
451 3609 506 3648 nos
520 3590 635 3666 fugiatis
649 3589 783 3647 amicos?

128 3687 232 3744 Pacem
247 3705 296 3745 me
311 3688 451 3746 exanimis
467 3697 497 3747 et
512 3688 614 3746 Martis
629 3697 708 3746 sorte
722 3689 881 3763 peremptis

334 3823 355 3855 ⁸⁰
367 3825 488 3873 Brackets.
504 3826 532 3870 R.
764 3825 926 3883 ⁸2spart-rerum
943 3826 971 3870 R.
