2742 4284
135 323 162 372 x.
175 320 248 385 867.]
405 311 593 374 Mezentius
616 310 754 374 Attacks
777 311 915 375 AEneas.

132 500 251 557 volnera
265 497 397 556 siccabat
412 497 537 572 lymphis
552 514 718 573 corpusque
733 497 846 556 levabat

132 597 240 655 arboris
257 594 380 652 adclinis
396 605 509 652 trunco,
554 595 657 651 Procul
672 611 757 652 aerea
771 596 857 652 ramis

133 693 285 770 dependet
298 692 381 768 galea
395 701 426 750 et
439 701 523 767 prato
537 691 633 766 gravia
647 709 729 750 arma
742 693 906 767 quiescunt.

133 795 214 853 Stant
229 792 299 850 lecti
313 791 423 848 circum
439 790 578 848 iuvenes:
602 789 665 865 ipse
679 807 768 866 aeger
781 789 920 848 anhelans

133 893 210 950 colla
224 892 312 962 fovet,
327 890 406 948 fusus
421 905 583 963 propexam
599 887 629 946 in
644 897 765 964 pectore
781 887 920 960 barbam3

134 991 225 1049 multa
240 1006 328 1064 super
343 989 438 1046 Lauso
453 987 559 1062 rogitat
575 985 758 1061 multumque
773 985 892 1044 remittit

133 1090 182 1164 qui
196 1098 338 1146 revocent
354 1085 514 1161 maestique
530 1085 624 1143 ferant
639 1083 780 1142 mandata
792 1083 929 1160 parentis

135 1189 169 1244 At
186 1187 316 1244 Lausum
332 1185 404 1242 socii
419 1184 585 1241 exanimem
601 1200 690 1258 super
703 1199 784 1240 arma
796 1181 929 1239 ferebant

134 1283 245 1354 flenteS,
261 1283 410 1358 ingentem
425 1292 513 1356 atque
529 1281 639 1357 ingenti
655 1280 772 1338 volnere
786 1279 906 1338 victum.

136 1381 261 1456 Agnovit
275 1380 361 1456 longe
376 1379 518 1454 gemitum
533 1397 674 1454 praesaga
690 1379 758 1436 mali
772 1395 872 1436 mens:

135 1479 272 1537 canitiem
287 1477 380 1535 multo
395 1477 541 1536 deformat
557 1477 675 1552 pulvere
691 1487 720 1534 et
735 1476 836 1535 ambas

135 1576 172 1635 ad
186 1576 304 1634 caelum
317 1575 411 1633 tendit
425 1575 535 1650 palmas
551 1584 580 1633 et
596 1593 719 1650 corpore
736 1574 876 1632 inhaeret.

136 1676 285 1732 ‘Tantane
303 1691 350 1730 me
366 1673 457 1730 tenuit
471 1672 598 1745 vivendi,
617 1681 697 1745 nate,
711 1673 852 1748 voluptas,

135 1783 164 1830 ut
179 1791 233 1847 pro
249 1789 297 1827 me
312 1771 409 1828 hostili
425 1782 540 1845 paterer
553 1771 714 1830 succedere
730 1770 860 1841 dextrae,

133 1889 222 1946 quem
237 1868 347 1944 genui?
387 1870 490 1927 Tuane
506 1869 580 1926 baec
594 1870 709 1944 genitor
723 1887 776 1943 per
789 1869 909 1927 volnera
923 1887 1030 1939 servor,

135 1979 228 2026 morte
243 1977 294 2024 tua
308 1967 430 2024 vivens?
471 1969 551 2038 Heu,
567 1986 646 2025 nunc
661 1968 768 2025 misero
782 1967 853 2025 mihi
868 1966 989 2025 demum

134 2067 255 2124 exitium
270 2065 379 2136 infelix,
396 2083 473 2123 nunc
489 2066 545 2122 alte
562 2066 663 2123 volnus
679 2064 837 2123 adactum!

135 2164 222 2222 idem
237 2180 304 2237 eg0,
320 2171 396 2234 nate,
412 2173 495 2221 tuum
511 2163 652 2220 maculavi
668 2163 788 2221 crimine
803 2183 923 2235 nomen,

133 2262 234 2337 pulsus
250 2260 289 2318 ob
304 2259 442 2318 invidiam
457 2262 530 2318 solio
546 2261 726 2336 sceptrisque
741 2263 878 2336 paternis.

136 2361 305 2418 Debueram
320 2359 429 2433 patriae
445 2377 556 2434 poenas
571 2358 706 2434 odiisque
723 2341 874 2417 meorum:

134 2458 231 2515 omnis
248 2474 300 2532 per
314 2457 413 2514 mortis
429 2456 557 2514 animam
572 2465 689 2515 sontem
704 2457 766 2532 ipse
782 2457 950 2516 dedissem!

136 2557 225 2613 Nunc
240 2556 306 2612 vivo
321 2573 418 2629 neque
433 2553 530 2612 adhuc
546 2554 681 2613 homines
696 2556 852 2631 lucemque
866 2556 1007 2631 relinquo.

135 2653 194 2712 Sed
209 2654 360 2728 linquam!
402 2653 493 2712 Simul
507 2651 564 2709 hoc
583 2652 686 2710 dicens
701 2654 805 2711 attollit
819 2655 849 2712 in
864 2673 984 2729 aegrum

135 2771 166 2810 se
180 2751 276 2808 femur
290 2759 329 2822 et,
344 2751 477 2825 quamvis
492 2750 577 2809 dolor
591 2751 650 2809 alto
667 2753 783 2810 volnere
798 2752 902 2823 tardet,

135 2848 214 2908 haud
230 2848 361 2906 deiectus
376 2866 484 2923 equum
500 2848 569 2907 duci
584 2850 672 2908 iubet.
718 2852 789 2909 Hoc
804 2850 895 2909 decus
909 2851 957 2923 illi,

136 2948 193 3006 hoc
208 2947 341 3005 solamen
355 2956 434 3020 erat3
457 2947 538 3005 bellis
554 2948 612 3006 hoc
627 2949 720 3006 victor
733 2950 831 3008 abibat

136 3045 281 3103 omnibus.
323 3043 499 3119 Adloquitur
515 3057 694 3105 maerentem
709 3057 739 3104 et
753 3048 856 3105 talibus
871 3047 953 3107 infir:

137 3143 289 3213 ‘Rhaebe,
305 3141 365 3213 diu,
380 3161 425 3200 res
440 3143 523 3218 siqua
539 3143 589 3203 diu
606 3145 774 3204 mortalibus
788 3145 912 3219 ullaest,

136 3241 268 3298 viximus.
311 3243 369 3299 Aut
384 3240 474 3300 hodie
489 3243 581 3303 victor
598 3244 690 3320 spolia
704 3244 751 3301 illa
764 3244 877 3301 cruenti

137 3349 166 3396 et
180 3349 269 3415 caput
285 3342 401 3398 Aeneae
416 3342 522 3400 referes
539 3342 685 3417 Lausique
697 3340 831 3400 dolomm

137 3438 213 3496 ultor
226 3439 281 3497 eris
295 3458 413 3498 mecum
427 3451 486 3513 aut,
502 3441 594 3515 aperit
609 3440 633 3499 si
647 3440 727 3498 nulla
740 3440 816 3498 viam
830 3440 881 3512 vis,

137 3539 297 3596 occumbes
313 3539 438 3614 pariter;
460 3556 557 3614 neque
572 3539 659 3608 enim,
674 3537 836 3608 fortissime,
852 3537 952 3609 credo,

138 3637 214 3695 iussa
227 3637 323 3694 aliena
337 3638 397 3711 pati
412 3647 441 3696 et
456 3636 592 3695 dominos
607 3636 766 3710 dignabere
780 3635 933 3693 Teucros!

139 3734 219 3793 Dixit
235 3744 263 3792 et
279 3743 420 3809 exceptus
435 3743 518 3809 tergo
532 3743 673 3792 consueta
686 3733 792 3790 locavit

566 3860 599 3894 ⁸⁶⁰
610 3862 718 3908 exilium.
738 3861 772 3907 H.
