2742 4284
193 251 235 317 70
457 235 586 300 Turnus
609 238 741 301 Rushes
764 250 795 302 to
818 241 872 303 the
898 241 988 306 Gate.
1122 252 1241 317 [AEsam.

193 431 387 498 spumantem,
404 431 433 479 et
447 422 505 479 fixo
521 423 627 482 ferrum
642 425 671 482 in
686 425 827 500 pulmone
841 429 973 502 tepescit.

192 523 218 579 Τ
220 541 268 580 urn
285 521 440 594 Meropem
456 530 544 594 atque
560 521 721 597 Erymanta
735 541 834 593 manu,
849 534 913 581 tum
926 526 1027 584 sternit
1043 527 1222 601 Aphidnum,
1336 488 1338 597 l

192 631 254 680 turn
270 620 363 678 Bitian
378 617 531 676 ardentem
544 619 640 678 “oculis
654 621 817 695 animisque
831 621 1003 680 frementem
1336 602 1338 608 ,

193 737 253 777 non
267 719 371 790 iaculo,
387 735 484 793 neque
502 717 581 774 enim
597 717 692 776 iaculo
707 719 795 776 vitam
810 719 856 776 ille
871 719 1011 792 dedisset,

193 817 245 876 sed
261 835 398 892 magnum
414 815 539 873 stridens
557 826 692 873 contorta
705 816 853 891 phalarica
866 819 954 887 venit,

192 917 318 974 fulminis
332 926 398 972 acta
412 914 511 985 mod0,
529 933 617 990 quam
634 932 691 972 nec
705 913 766 972 duo
781 923 881 972 taurea
894 925 976 989 terga

193 1032 248 1072 nec
263 1013 372 1089 duplici
388 1031 509 1088 squama
525 1013 614 1070 lorica
629 1011 723 1070 lidelis
737 1023 766 1070 et
780 1031 850 1070 auro

192 1113 342 1170 sustinuit:
367 1111 507 1186 conlapsa
522 1120 609 1168 ruunt
627 1111 765 1168 immania
779 1112 919 1170 membra.

193 1213 250 1268 Dat
265 1210 347 1268 tellus
362 1209 512 1284 gemitum,
528 1217 557 1266 et
575 1209 703 1283 clipeum
719 1227 806 1283 super
822 1209 935 1267 intonat
950 1210 1061 1284 ingens.

191 1308 268 1365 Talis
284 1309 312 1364 in
329 1307 463 1364 Euboico
480 1307 613 1364 Baiarum
630 1307 712 1364 litore
728 1305 879 1381 quondam

192 1425 278 1464 saxea
292 1406 350 1480 pila
365 1403 451 1474 cadit,
468 1406 580 1480 magnis
596 1423 683 1480 quam
700 1405 825 1464 molibus
841 1415 907 1463 ante

192 1515 387 1562 constructam
403 1514 495 1578 ponto
511 1503 638 1575 iaciunt,
663 1504 705 1561 sic
720 1503 767 1561 illa
781 1504 893 1561 trunam

191 1622 283 1678 prona
297 1602 382 1660 trahit
396 1602 570 1676 penitusque
585 1600 666 1659 vadis
682 1601 765 1659 inlisa
778 1603 939 1661 recumbit:

192 1702 315 1760 miscent
331 1719 361 1758 se
377 1700 475 1770 maria,
491 1709 520 1757 et
535 1700 631 1774 nigrae
648 1700 817 1757 attolluntur
831 1699 975 1772 harenae,

191 1812 252 1857 turn
267 1799 362 1856 sonitu
379 1798 523 1872 Prochyta
536 1797 594 1854 alta
608 1797 706 1854 tremit
720 1796 884 1872 durumque
900 1798 995 1856 cubile

192 1897 317 1954 Inarime
335 1896 411 1952 Iovis
428 1895 558 1970 imperiis
574 1895 702 1970 imposta
715 1895 870 1970 Typhoeo.

232 1995 292 2051 Hic
307 1995 386 2050 Mars
401 1993 578 2067 armipotens
593 1993 723 2050 animum
737 1993 869 2068 viresque
886 1994 995 2052 Latinis

190 2091 305 2150 addidit
319 2102 348 2148 et
363 2091 493 2148 stimulos
508 2091 581 2147 acris
598 2091 652 2148 sub
667 2100 788 2165 pectore
803 2091 887 2149 vertit

190 2191 366 2264 immisitque
383 2189 494 2263 Fugam
504 2188 625 2245 Teucris
641 2198 793 2262 atrumque
808 2188 967 2246 Timorem.

190 2288 329 2363 Undique
345 2287 532 2356 conveniunt,
548 2286 688 2361 quoniam
704 2284 773 2343 data
787 2287 873 2361 copia
888 2306 1004 2362 pugnae

189 2388 368 2460 bellatorque
383 2385 482 2442 animo
497 2383 570 2442 deus
585 2383 696 2441 incidit.

191 2475 338 2543 Pandarus
353 2494 384 2541 ut
399 2485 462 2540 fuso
477 2501 647 2557 germanum
664 2500 788 2557 corpore
803 2483 896 2541 cernit

190 2593 219 2641 et
232 2602 291 2658 quo
307 2583 342 2639 sit
357 2583 470 2639 fortuna
485 2581 561 2650 loco,
577 2581 627 2654 qui
643 2598 729 2638 casus
743 2590 810 2656 agat
823 2599 878 2653 reS,

189 2693 301 2756 portam
316 2681 343 2736 vi
358 2697 464 2753 magna
478 2665 627 2736 converso'
637 2677 757 2736 cardine
773 2688 898 2755 torquet,

189 2779 312 2836 obnixus
327 2777 389 2834 latis
405 2777 520 2847 umeris,
536 2776 702 2850 multosque
719 2796 836 2836 suorum

190 2876 342 2935 moenibus
357 2874 489 2932 exclusos
506 2872 580 2932 duro
595 2874 624 2931 in
642 2876 800 2934 certamine
816 2876 937 2951 linquit;

189 2984 232 3032 ast
242 2974 316 3031 alios
332 2991 432 3030 secum
448 2970 571 3029 includit
585 2973 749 3048 recipitque
763 2975 879 3046 ruentis,

189 3072 320 3142 demens,
335 3071 385 3144 qui
401 3069 540 3127 Rutulum
556 3071 586 3127 in
601 3071 701 3130 medio
716 3091 775 3130 non
791 3073 906 3149 agmine
921 3091 1019 3148 regem

188 3169 291 3228 viderit
305 3169 520 3243 inrumpentem
537 3171 669 3245 ultroque
686 3171 831 3228 incluserit
846 3171 917 3240 urbi,

189 3270 346 3326 immanem
361 3268 447 3326 veluti
462 3287 572 3344 pecora
587 3269 661 3326 inter
679 3269 782 3326 inertia
795 3269 897 3344 tigrim.

189 3366 338 3426 Continuo
353 3385 428 3424 nova
442 3369 491 3426 lux
506 3368 598 3425 oculis
615 3365 728 3438 effulsit,
744 3377 773 3423 et
787 3385 868 3424 arma

189 3465 365 3524 horrendum
380 3483 524 3538 sonuere;
546 3474 673 3523 tremunt
688 3465 717 3521 in
732 3465 839 3521 vertice
854 3465 968 3521 cristae·

188 3565 373 3641 sanguineae,
390 3564 544 3639 clipeoque
560 3562 699 3620 micantia
713 3561 832 3619 fulmina
851 3562 955 3621 mittit:

187 3673 350 3742 agnoscunt
364 3661 470 3718 faciem
484 3660 607 3717 invisam
622 3670 708 3733 atque
724 3659 862 3716 immania
879 3660 1008 3716 membra
1076 3670 1078 3675 '

187 3761 292 3820 turbati
308 3759 403 3815 subito
420 3755 588 3813 Aeneadae.
630 3756 708 3812 Tum
724 3755 872 3812 Pandarus
887 3755 988 3830 ingens
