2742 4284
172 325 290 387 x1.591.]
536 314 632 395 Story
654 315 696 396 of
714 312 865 378 Camilla.

173 505 287 575 ‘Alma,
303 503 354 561 tibi
370 503 455 574 hanc,
470 521 624 561 nemorum
640 499 751 575 cultrix,
769 505 892 562 latonia
906 505 995 580 virgo,

172 603 237 677 ipse
252 611 336 676 pater
349 601 487 658 famulam
503 619 596 658 voveo
608 621 616 673 3
637 610 688 658 tua
701 602 795 676 prima
808 620 860 677 per
874 621 957 659 auras

172 700 234 757 tela
247 709 351 757 tenens
366 699 489 774 supplex
504 698 619 756 hostem
634 699 714 774 fugit.
758 701 879 774 Accipe,
895 711 994 769 testor,

172 796 243 855 diva
256 807 346 868 tuam,
362 814 438 871 quae
452 813 531 853 nunc
547 796 643 854 dubiis
660 798 852 856 committitur
865 798 951 856 auris.

172 896 256 953 Dixit
271 906 300 952 et
314 894 446 952 adducto
461 904 629 952 contortum
644 895 746 952 hastile
761 895 870 953 lacerto

172 993 322 1051 immittit:
345 1009 469 1049 sonuere
484 990 591 1064 undae,
606 992 741 1068 rapidum
755 1011 843 1068 super
856 1011 975 1052 amnem

172 1092 273 1148 infelix
286 1090 359 1164 sugit
371 1089 401 1146 in
415 1089 511 1146 iaculo
525 1089 665 1146 stridente
681 1090 812 1148 Camilla.

172 1193 212 1247 At
227 1189 374 1258 Metabus,
390 1205 495 1263 magna
509 1189 628 1263 propius
644 1189 701 1245 iam
718 1199 838 1263 urgente
854 1199 978 1259 caterva,

172 1285 226 1343 dat
240 1303 303 1342 sese
318 1283 405 1341 fluvio
420 1292 507 1359 atque
523 1284 635 1342 hastam
651 1304 719 1342 curn
735 1287 844 1360 virgine
858 1287 952 1343 victor

171 1383 326 1460 gramineo
341 1381 453 1439 donum
468 1383 581 1440 Triviae
597 1382 635 1439 de
651 1384 781 1458 caespite
796 1384 883 1442 vellit.

173 1483 245 1539 Non
259 1481 340 1538 illurn
354 1481 439 1538 tectis
454 1481 537 1552 ullae,
553 1499 613 1538 non
628 1481 783 1539 moenibus
799 1482 884 1540 urbes

172 1597 316 1654 accepere
330 1597 427 1654 neque
442 1579 505 1652 ipse
521 1597 623 1636 manus
637 1580 750 1637 scritate
767 1579 914 1637 dedisset:

171 1688 323 1754 pastorum
338 1687 368 1734 et
381 1677 450 1734 solis
465 1677 561 1751 exegit
575 1677 724 1735 montibus
739 1696 852 1735 aevom.

173 1776 236 1833 Hic
251 1785 348 1832 natam
362 1775 391 1831 in
408 1774 504 1832 dumis
518 1775 651 1849 interque
667 1775 814 1833 horrentia
827 1775 916 1833 lustra

172 1874 339 1932 armentalis
353 1891 447 1946 equae
462 1875 597 1930 mammis
613 1884 642 1930 et
657 1874 733 1930 lacte
748 1873 841 1931 serino

171 1972 308 2042 nutribat,
323 1971 430 2028 teneris
446 1971 620 2046 immulgens
635 1971 725 2028 ubera
740 1970 835 2028 labris.

171 2072 274 2145 thue
288 2068 399 2144 pedum
413 2069 513 2144 primis
528 2067 621 2124 infans
636 2069 757 2143 vestigia
771 2069 877 2143 plantis

172 2168 323 2237 institerat,
342 2166 436 2224 iaculo
451 2166 564 2240 palmas
580 2167 701 2222 armavit
715 2176 803 2223 acuto

171 2265 343 2341 spiculaque
358 2283 395 2321 ex
409 2282 511 2321 umero
526 2282 630 2338 parvae
647 2263 800 2338 suspendit
814 2274 844 2322 et
857 2283 967 2322 arcum.

173 2367 231 2422 Pro
247 2363 344 2420 crinali
360 2381 439 2434 auro,
455 2361 628 2437 pro'longae
644 2362 772 2436 tegmine
786 2362 879 2437 pallae

172 2461 284 2537 tigridis
298 2461 419 2517 exuviae
434 2478 486 2535 per
501 2459 620 2517 dorsum
636 2479 653 2516 a
667 2460 775 2517 vertice
789 2459 931 2535 pendent.

171 2559 248 2616 Tela
262 2577 350 2616 manu
365 2559 422 2614 iam
437 2567 499 2615 tum
513 2568 613 2614 tenera
627 2558 749 2632 puerilia
762 2558 843 2614 torsit

173 2668 203 2715 et
217 2653 338 2715 fun'dam
352 2656 435 2713 tereti
451 2656 560 2712 circum
576 2665 665 2730 caput
679 2656 739 2729 egit
753 2655 867 2713 habena

173 2755 426 2831 Strymoniamque
441 2772 542 2829 gruem
558 2763 606 2810 aut
621 2753 719 2810 album
734 2753 843 2810 deiecit
856 2754 976 2812 olorem.

173 2853 286 2911 Multae
301 2853 379 2909 illam
394 2852 496 2909 smstra
510 2851 660 2926 Tyrrhena
674 2869 728 2926 per
741 2850 853 2925 oppida
866 2861 972 2909 matres

173 2961 311 3026 optavere
326 2968 449 3007 nurum:
474 2949 535 3006 sola
549 2958 689 3006 contenta
705 2949 801 3006 Diana

173 3059 324 3106 aeternum
339 3049 463 3106 telorum
478 3058 508 3104 et
522 3048 690 3123 virginitatis
704 3066 835 3104 amorem

173 3148 346 3204 intemerata
360 3146 438 3204 colit.
482 3145 612 3203 ‘Vellem
627 3144 706 3202 haud
721 3155 856 3219 correpta
869 3145 968 3203 suisset

174 3245 275 3302 militia
289 3245 346 3316 tali,
362 3255 470 3301 conata
484 3244 625 3301 lacessere
641 3244 791 3300 Teucros:

175 3361 242 3399 cara
256 3343 327 3399 mihi
341 3343 541 3416 comitumque
557 3341 631 3398 soret
645 3359 724 3398 nunc
739 3359 798 3397 una
811 3359 951 3400 mearum.

145 3422 150 3434 ’
174 3441 283 3498 Verum
298 3459 361 3516 age,
377 3439 618 3514 quandoquidem
634 3439 698 3496 fatis
712 3448 829 3512 urgetur
843 3439 965 3509 acerbis,

175 3538 270 3610 abere,
285 3537 423 3613 nympha,
441 3537 509 3612 polo
524 3537 648 3611 finisque
664 3537 755 3593 invise
771 3537 900 3607 Latinos

175 3636 260 3693 tristis
274 3636 324 3694 ubi
339 3636 464 3693 infausto
479 3635 669 3692 committitur
683 3635 782 3691 omine
797 3653 905 3709 pugna.

176 3733 262 3791 Haec
276 3751 350 3808 cape
366 3741 395 3790 et
409 3731 540 3790 ultricem
554 3731 690 3807 pharetra
704 3731 845 3806 deprome
861 3733 1013 3808 sagittam:

176 3830 230 3888 hac
245 3831 423 3906 quicumque
439 3849 553 3888 sacrum
568 3829 678 3888 violarit
693 3830 810 3888 volnere
826 3849 941 3906 corpus,
