2742 4284
159 311 293 374 x11.⁶10.]
466 300 592 362 Amata
615 298 736 382 Hangs
758 298 901 380 Herseffi

159 487 260 545 Scalae
276 486 433 561 improviso
449 486 618 561 subitusque
634 486 769 561 apparuit
783 486 865 560 iguis.

159 584 332 642 Discurrunt
346 585 394 641 alii
409 583 447 640 ad
460 593 560 658 portas
575 585 744 658 primosque
758 583 914 654 trucidant,

158 681 265 738 ferrum
280 682 326 738 alii
342 691 478 756 torquent
493 691 523 738 et
537 681 713 740 obumbrant
726 681 844 738 aethera
858 681 931 739 telis.

159 781 228 855 Ipse
244 780 319 836 inter
332 781 441 853 primos
456 779 587 836 dextram
604 780 658 836 sub
673 779 791 836 moenia
805 770 900 836 tendit

158 879 274 934 Aeneas
289 895 452 951 magnaque
468 877 581 935 incusat
594 894 667 934 voce
683 877 820 935 Latinum

158 983 338 1050 testaturque
353 973 436 1046 deos,
451 975 555 1031 iterum
570 993 602 1032 se
617 974 655 1032 ad
668 975 780 1050 proelia
794 976 870 1049 cogi,

159 1071 202 1128 bis
217 1073 275 1130 iam
291 1072 380 1130 Italos
396 1072 496 1142 hostis,
512 1072 586 1129 haec
601 1072 691 1130 altera
705 1072 825 1130 foedera
837 1073 943 1147 rumpi.

160 1170 295 1227 Exoritur
309 1169 439 1246 trepidos
454 1171 529 1226 inter
543 1169 692 1228 discordia
705 1171 791 1228 civis:

158 1267 260 1324 urbem
275 1268 322 1325 alii
336 1285 463 1325 reserare
478 1268 580 1326 iubent
594 1277 624 1326 et
638 1269 768 1344 pandere
783 1280 882 1344 portas

159 1364 336 1422 Dardanidis
351 1366 505 1441 ipsumque
521 1366 638 1423 trahunt
652 1367 682 1424 in
697 1367 816 1424 moenia
829 1386 938 1443 regem,

158 1480 239 1521 arma
252 1463 347 1520 ferunt
361 1462 409 1520 alii
423 1471 453 1520 et
467 1473 590 1539 pergunt
606 1463 765 1522 defendere
781 1484 887 1524 muros.

159 1560 290 1618 Inclusas
305 1569 336 1618 ut
351 1579 420 1618 curn
436 1561 581 1619 latebroso
596 1561 625 1618 in
639 1563 759 1636 pumice
773 1573 871 1636 pastor

158 1658 308 1733 vestigavit
322 1677 393 1734 apes
407 1658 547 1733 fumoque
562 1659 693 1734 implevit
706 1677 823 1716 amaro:

158 1755 222 1813 illae
236 1755 313 1812 intus
328 1755 458 1832 trepidae
473 1774 568 1814 rerum
584 1775 637 1832 per
651 1774 737 1814 cerea
750 1767 844 1814 castra

157 1852 321 1910 discurrunt
336 1854 508 1929 magnisque
524 1865 633 1912 acuunt
647 1854 817 1913 stridoribus
832 1856 908 1928 iras;

157 1951 279 2008 volvitur
293 1962 354 2009 ater
367 1951 443 2009 odor
456 1952 550 2022 tectis,
566 1962 628 2010 tum
643 1971 789 2010 murmure
804 1971 897 2011 caeco

157 2048 233 2106 intus
248 2067 318 2106 saxa
332 2059 445 2119 sonant,
460 2067 567 2108 vacuas
583 2051 604 2107 it
618 2051 713 2108 fumus
727 2051 766 2108 ad
779 2069 872 2110 auras.

197 2146 314 2204 Accidit
328 2146 402 2204 haec
417 2147 499 2204 fessis
515 2148 602 2205 etiam
617 2148 732 2206 fortuna
746 2149 865 2220 Latinis,

157 2263 232 2318 quae
248 2254 338 2302 totam
354 2245 435 2301 luctu
449 2246 597 2302 concussit
611 2245 741 2303 funditus
755 2247 867 2304 urbem.

157 2343 272 2417 Regina
285 2352 317 2400 ut
331 2343 416 2400 tectis
431 2343 597 2400 venientem
613 2344 754 2419 prospicit
768 2344 893 2415 hostem,

156 2427 261 2498 incessi
275 2459 382 2512 muros,
398 2440 472 2516 ignis
486 2439 525 2498 ad
541 2450 620 2498 tecta
633 2441 740 2513 volare,

156 2556 300 2612 nusquam
315 2538 393 2595 acies
409 2548 511 2596 contra
526 2539 657 2609 Rutulas,
673 2539 752 2596 nulla
765 2541 882 2615 agmina
896 2542 1004 2598 Turni:

155 2635 255 2692 infelix
267 2653 384 2711 pugnae
401 2636 536 2693 iuvenem
551 2637 581 2694 in
596 2637 756 2694 certamine
771 2637 865 2695 credit

155 2733 330 2790 exstinctum
345 2743 383 2804 et,
400 2733 496 2792 subito
512 2743 641 2814 mentem
656 2735 770 2792 turbata
785 2735 896 2807 dolore,

155 2849 186 2888 se
201 2849 319 2888 causam
336 2831 443 2889 clamat
459 2832 628 2906 crimenque
646 2843 794 2907 caputque
809 2834 960 2904 malorum,

156 2928 303 3003 multaque
318 2946 371 3002 per
385 2939 529 2986 maestum
546 2928 668 2987 demens
684 2929 770 2988 effata
784 2931 910 2988 furorem

104 3099 109 3102 -
154 3043 315 3100 purpureos
331 3026 470 3083 moritura
485 3045 574 3084 manu
590 3026 730 3085 discindit
745 3029 867 3086 amictus

154 3135 184 3183 et
198 3124 310 3183 nodum
325 3126 455 3184 informis
469 3126 519 3184 leti
536 3126 617 3184 trabe
632 3129 723 3185 nectit
738 3129 775 3186 ab
788 3129 854 3186 alta.

155 3223 253 3296 Quam
268 3222 383 3282 cladem
398 3225 519 3282 miserae
536 3235 692 3299 postquam
706 3245 851 3301 accepere
868 3228 996 3297 latinae,

153 3320 211 3378 filia
225 3322 319 3396 prima
333 3341 421 3380 manu
436 3322 524 3382 flavos
542 3323 662 3382 Lavinia
676 3325 762 3382 crinis

154 3428 184 3474 et
196 3437 295 3477 roseas
310 3420 416 3477 laniata
429 3439 528 3496 genas,
545 3431 607 3480 turn
624 3431 722 3479 cetera
735 3423 847 3480 circum

153 3516 238 3600 turba
252 3518 335 3575 furit:
358 3531 495 3577 resonant
510 3520 568 3578 late
583 3520 770 3596 plangoribus
785 3520 883 3580 aedes,

156 3614 236 3671 Hinc
251 3624 343 3673 totam
359 3616 458 3675 infelix
472 3618 603 3693 volgatur
618 3618 695 3675 fama
709 3637 762 3693 per
775 3619 886 3677 urbem.

155 3711 326 3770 Demittunt,
337 3723 449 3771 mentes
462 3736 469 3785 ;
491 3715 512 3771 it
527 3716 616 3774 scissa
631 3725 712 3773 veste
728 3717 856 3787 Latinus,

155 3809 287 3885 coniugis
302 3811 440 3868 attonitus
455 3811 520 3869 fatis
535 3813 670 3886 urbisque
686 3813 778 3883 ruina,

587 3923 621 3956 ⁶⁰⁵
629 3925 712 3984 florus.
735 3925 763 3970 R.
