2742 4284
148 333 209 380 202
466 315 532 378 The
554 314 676 378 Power
695 316 735 396 of
750 314 876 379 Desire.
1041 322 1198 387 [enormes.

147 504 236 561 multa
250 521 370 579 gemens
386 502 576 578 ignominiam
591 501 748 578 plagasque
763 501 880 577 superbi

146 601 272 673 victoriS,
287 610 349 659 tum
363 618 436 675 quos
451 600 546 657 amisit
560 600 666 656 inultus
680 616 804 670 amores,

146 707 176 758 et
189 698 301 756 stabula
316 707 469 773 aspectans
483 697 578 773 regnis
592 698 717 755 excessit
732 697 824 755 avitis.

147 798 226 871 Ergo
239 796 320 853 omni
334 815 403 852 cura
417 795 482 852 viris
497 804 622 866 exercet,
638 804 667 852 et
680 795 756 853 inter

146 893 218 951 dura
232 893 307 950 iacet
322 893 424 968 pernix
438 893 556 965 instrato
571 911 640 950 saxa
654 891 742 950 cubili

145 989 296 1050 frondibus
310 991 424 1048 hirsutis
438 999 467 1048 et·
483 990 577 1047 carice
592 1000 691 1065 pastus
706 1000 801 1062 acuta,

144 1099 174 1147 ct
188 1098 311 1163 temptat
326 1106 399 1159 sese,
414 1097 502 1162 atque
517 1087 600 1144 irasci
615 1087 644 1144 in
659 1105 770 1144 cornua
783 1088 870 1146 discit

145 1186 254 1245 arboris
269 1185 392 1243 obnixus
407 1194 519 1256 trunco,
535 1195 697 1258 ventosque
711 1185 826 1242 lacessit

145 1283 260 1355 ictibus,
276 1293 305 1341 et
319 1301 418 1358 sparsa
432 1282 470 1340 ad
485 1301 611 1358 pugnam
627 1282 756 1357 proludit
770 1301 867 1342 arena.

145 1384 215 1440 Post
229 1381 279 1440 ubi
293 1381 460 1439 conlectum
474 1380 563 1439 robur
575 1380 710 1454 viresque
724 1381 859 1452 refectae,

144 1479 227 1556 signa
241 1487 347 1550 movet,
363 1495 563 1554 praecepsque
578 1477 700 1535 oblitum
715 1478 803 1536 fertur
817 1479 847 1535 in
862 1478 995 1537 hostem:

145 1576 249 1634 fluctus
262 1576 313 1647 uti,
329 1574 428 1634 medio
443 1575 542 1650 coepit
556 1593 625 1632 cum
639 1575 788 1633 albescere
804 1586 906 1651 ponto,

144 1673 258 1748 longius
273 1691 309 1730 ex
323 1673 440 1747 altoque
455 1672 550 1730 sinum
565 1670 659 1742 trahit,
675 1682 765 1747 utque
780 1672 895 1730 volutus

145 1771 183 1829 ad
197 1781 286 1829 terras
300 1771 427 1829 immane
442 1780 527 1828 sonat
540 1787 593 1844 per
607 1787 677 1827 saxa
690 1787 787 1845 neque
802 1770 866 1845 ipso

144 1880 245 1927 monte
259 1868 355 1927 minor
368 1867 541 1943 procumbit,
558 1877 587 1925 at
601 1868 660 1925 ima
674 1878 825 1925 exaestuat
838 1866 918 1926 unda

144 1966 300 2026 vorticibus
314 1966 485 2041 nigramque
499 1966 555 2023 alte
572 1965 716 2023 subiectat
729 1982 856 2023 arenam.

186 2065 283 2123 Omne
299 2064 375 2122 adeo
390 2082 482 2139 genus
496 2062 525 2120 in
541 2063 621 2121 terris
636 2062 847 2138 hominumque
862 2064 1054 2138 ferarumque,

144 2174 174 2222 et
188 2181 279 2238 genus
295 2181 481 2238 aequoreum,
497 2161 629 2236 pecudes
643 2161 800 2236 pictaeque
816 2161 957 2230 volueres,

143 2261 172 2317 in
188 2261 273 2318 furias
288 2261 445 2336 ignemque
460 2267 564 2317 ruunt:
588 2277 670 2316 amor
685 2258 823 2316 omnibus
839 2257 928 2316 idem.
946 2325 949 2328 Α

144 2361 291 2435 Tempore
306 2379 366 2418 non
381 2359 438 2417 alio
453 2356 615 2415 catulorum
629 2356 720 2415 oblita
734 2357 836 2414 leaena

144 2458 256 2516 saevior
270 2459 373 2516 erravit
387 2457 508 2531 campiS,
524 2473 581 2512 nec
595 2455 696 2512 funera
711 2454 797 2529 vulgo

144 2569 205 2615 tam
218 2558 309 2616 multa
323 2558 459 2615 informes
474 2555 531 2612 ursi
546 2564 730 2629 stragemque
747 2553 856 2611 dedere

115 2697 116 2702 κ
144 2674 197 2730 per
211 2657 313 2729 silvas3
336 2666 397 2714 tum
412 2672 514 2713 saevus
529 2671 607 2727 aper,
624 2662 685 2710 tum
700 2652 828 2727 pessima
840 2652 937 2727 tigris:

144 2752 202 2811 heu
217 2755 291 2818 male
306 2764 368 2811 tum
383 2754 491 2830 Libyae
506 2751 574 2809 solis
591 2759 699 2807 erratur
713 2749 742 2807 in
757 2750 840 2824 agris,

145 2851 253 2909 Nonne
267 2851 358 2921 vides,
374 2860 406 2908 ut
420 2859 481 2907 tota
495 2858 603 2906 tremor
617 2856 794 2922 pertemptet
809 2865 950 2922 equomm

144 2967 275 3023 corpora,
291 2948 440 3006 sitantum
456 2956 539 3004 notas
554 2944 629 3002 odor
645 2945 738 3002 attulit
753 2945 857 3002 auras?

143 3047 187 3104 Ac
201 3063 298 3120 neque
313 3063 364 3103 eos
378 3045 437 3102 iam
451 3045 533 3103 frena
546 3041 638 3101 virum
653 3061 750 3117 neque
765 3042 883 3100 verbera
897 3061 991 3114 saeva,

143 3162 203 3201 non
217 3143 329 3218 scopuli
343 3161 488 3218 rupesque
504 3161 592 3199 cavae
607 3152 694 3216 atque
709 3142 826 3199 obiecta
839 3140 985 3199 retardant

142 3241 261 3298 flumina
276 3252 482 3316 correptosque
497 3240 578 3299 unda
592 3241 758 3315 torquentia
772 3240 887 3298 montis.

143 3341 211 3414 Ipse
225 3339 280 3396 ruit
295 3338 458 3415 dentesque
473 3340 630 3397 Sabellicus
644 3338 760 3396 exacuit
774 3356 831 3408 sus,

142 3447 172 3496 et
186 3436 264 3512 pede
278 3436 439 3512 prosubigit
453 3447 567 3508 terram,
582 3436 665 3494 fricat
680 3437 782 3494 arbore
797 3446 903 3508 costas,

141 3545 229 3611 atque
244 3535 313 3593 hinc
328 3546 415 3610 atque
430 3535 507 3592 illine
523 3553 638 3592 umeros
653 3534 692 3592 ad
706 3534 824 3593 volnera
838 3533 930 3590 durat.

143 3632 222 3708 Quid
237 3633 356 3704 iuvenis,
373 3651 510 3707 magnum
525 3633 573 3690 cui
587 3643 681 3691 versat
695 3633 724 3690 in
739 3632 852 3690 ossibus
866 3632 963 3707 ignem

198 3767 233 3800 2⁸⁵
242 3769 318 3814 robor.
335 3769 363 3814 R.
444 3767 618 3815 2⁴1verticibus.
635 3771 691 3814 Eds.
770 3782 819 3826 249,
829 3780 864 3826 55,
874 3770 894 3823 6,
903 3783 925 3825 7,
935 3769 970 3826 64,
979 3780 1001 3827 5,
1009 3769 1045 3827 58,
1055 3780 1090 3825 59.
1106 3767 1135 3814 R.

299 3855 400 3902 250-254
409 3842 467 3887 alter
477 3844 525 3902 263.
543 3844 571 3889 R.
797 3841 830 3874 ²⁵⁴
841 3847 962 3901 correptos.
978 3843 1035 3887 Eds.
