2742 4284
180 329 319 393 V111.42.]
419 319 483 382 The
508 320 538 381 Τ
535 320 606 382 iber
627 321 776 402 Appears
799 333 830 383 to
855 322 994 386 AEneas.

178 506 286 563 auxilia
300 516 329 562 et
343 507 416 564 latos
432 517 543 564 vastant
559 508 718 565 cultoribus
732 527 828 583 agros.

180 602 307 660 Mittitur
320 613 349 660 et
365 604 462 678 magni
476 604 606 661 Venulus
623 604 779 663 Diomedis
794 606 832 663 ad
847 606 959 677 urbem,

180 700 231 776 qui
245 708 326 775 petat
340 701 476 758 auxilium
492 709 521 758 et
536 701 621 758 Latio
636 702 795 760 consistere
809 704 950 774 Teucros,

179 797 338 856 advectum
354 801 474 856 Aenean
489 800 572 857 classi
589 800 740 874 victosque
755 801 870 875 penatis

178 897 285 955 inferre
300 907 330 955 et
344 897 407 955 fatis
421 915 521 972 regem
536 916 567 956 se
582 897 681 956 dicere
697 900 779 974 posci

179 993 307 1053 edoceat
324 991 505 1072 [multasque
520 997 581 1054 viro
596 1015 629 1054 se
644 996 804 1072 adiungere
818 999 912 1073 gentis

181 1090 333 1150 Dardanio
348 1103 378 1150 et
392 1092 447 1149 late
464 1093 548 1151 Latio
563 1095 779 1153 increbrescere
794 1093 933 1174 nomen].

181 1188 263 1264 Quid
278 1200 367 1248 struat
383 1191 427 1248 bis
441 1191 563 1266 coeptiS,
578 1210 678 1266 quem,
693 1194 716 1250 si
731 1194 859 1252 Fortuna
872 1205 1019 1268 sequatur,

179 1299 318 1346 eventum
333 1306 450 1363 pugnae
465 1289 573 1364 cupiat,
589 1290 769 1348 manifestius
784 1292 839 1366 ipsi

180 1405 271 1461 quam
284 1387 387 1444 Turno
401 1387 461 1462 regi
476 1398 525 1444 aut
540 1388 600 1463 regi
614 1406 755 1463 apparere
770 1389 883 1447 latino.

221 1483 304 1541 Talia
318 1501 372 1559 per
386 1485 509 1542 Latium.
554 1486 638 1559 Quae
654 1485 886 1545 Laomedontius
901 1487 985 1545 heros

180 1592 290 1640 cuncta
303 1580 405 1639 videns
420 1601 528 1658 magno
543 1602 676 1641 curarum
691 1583 812 1641 fluctuat
826 1594 917 1655 aestu,

181 1690 271 1754 atque
285 1680 415 1738 animum
430 1699 509 1739 nunc
525 1681 583 1740 huc
597 1682 734 1752 celerem,
749 1700 828 1739 nunc
843 1682 948 1740 dividit
962 1683 1039 1741 illuc.

183 1781 219 1836 ln
234 1779 382 1854 partisque
395 1779 472 1853 rapit
486 1779 576 1838 van'as
591 1797 703 1854 perque
718 1781 818 1836 omnia
832 1791 941 1837 versat:

182 1877 260 1935 sicut
275 1894 368 1952 aquae
384 1878 540 1934 tremulum
555 1878 639 1935 labris
655 1877 705 1935 ubi
720 1877 818 1935 lumen
833 1878 914 1936 aenis

181 1975 244 2033 sole
258 1992 461 2049 repercussum
476 1984 525 2032 aut
538 1973 678 2032 radiantis
694 1975 820 2050 imagine
835 1977 922 2033 lunae

182 2073 284 2131 omnia
297 2072 450 2147 pervolitat
465 2073 521 2129 late
537 2073 602 2130 loca
616 2073 733 2147 iamque
749 2073 803 2130 sub
818 2092 901 2132 auras

182 2171 300 2246 erigitur
314 2170 479 2246 summique
495 2171 559 2228 serit
574 2171 700 2228 lacuaria
714 2171 808 2236 tecti„

184 2269 254 2327 Nox
268 2279 338 2339 erat,
353 2279 382 2326 et
397 2279 485 2326 terras
500 2269 636 2326 animalia
649 2269 726 2326 fessa
738 2286 792 2343 per
805 2270 901 2327 omnis

183 2367 304 2426 alituum
319 2366 529 2442 pecudumque
544 2385 636 2442 genus
651 2385 741 2441 sopor
754 2367 828 2424 altus
844 2367 988 2427 habebat:

183 2484 252 2523 cum
267 2474 349 2539 pater
363 2465 392 2522 in
407 2466 470 2540 ripa
483 2463 632 2541 gelidique
646 2465 703 2523 sub
716 2465 842 2523 aetheris
857 2484 912 2523 axe

184 2566 310 2633 Aeneas,
325 2562 397 2620 tristi
413 2563 542 2621 turbatus
559 2572 679 2637 pectora
692 2563 780 2634 bello,

184 2660 340 2736 procubuit
354 2678 506 2735 seramque
522 2659 605 2718 dedit
621 2679 673 2735 per
688 2662 819 2720 membra
832 2661 972 2736 quietern.

185 2758 266 2816 Huic
282 2757 355 2816 deus
370 2758 432 2833 ipse
448 2758 504 2816 loci
520 2757 606 2816 fluvio
620 2759 776 2818 Tiberinus
790 2777 918 2817 amoeno

184 2856 326 2931 populeas
341 2856 415 2913 inter
430 2856 527 2914 senior
541 2874 572 2913 se
587 2857 718 2914 attollere
734 2856 852 2914 frondes

184 2954 280 3022 visus3
304 2971 372 3012 eum
387 2954 482 3012 tenuis
497 2954 601 3029 glauco
616 2955 733 3012 velabat
747 2956 855 3012 amictu

184 3052 331 3122 carbasus,
347 3060 376 3108 et
390 3052 476 3110 erinis
491 3052 629 3110 umbrosa
644 3053 762 3127 tegebat
778 3053 920 3124 harund0,

185 3161 248 3208 tum
262 3150 303 3207 sic
319 3148 410 3206 adfari
425 3159 455 3207 et
469 3168 552 3207 curas
568 3151 611 3208 lris
626 3151 746 3208 demere
762 3150 866 3208 dictis:

226 3247 273 3328 fO
287 3257 348 3304 sate
363 3258 449 3322 gente
465 3247 564 3318 deum,
580 3249 737 3306 Troianam
752 3268 789 3306 ex
805 3249 936 3307 hostibus
951 3249 1053 3309 urbem

185 3345 236 3420 qui
250 3344 363 3402 revehis
377 3345 462 3402 nobis
477 3356 652 3420 aeternaque
669 3348 810 3422 Pergama
824 3365 930 3417 servas,

184 3451 357 3518 exspectate
372 3443 435 3500 solo
452 3444 586 3500 Laurenti
602 3445 734 3519 arvisque
751 3446 869 3515 Latinis

185 3539 233 3597 hic
248 3541 300 3598 tibi
315 3549 395 3597 certa
409 3539 524 3610 domuS,
540 3542 620 3610 certi,
636 3560 673 3598 ne
689 3542 805 3612 absiste,
821 3554 963 3617 penates;

185 3656 243 3695 neu
258 3637 327 3695 belli
341 3646 447 3695 terrere
463 3638 566 3696 minis:
590 3649 686 3696 tumor
702 3641 797 3697 omnis
812 3651 842 3697 et
857 3643 914 3698 irae

185 3751 362 3792 concessere
378 3733 477 3792 deum.

189 3829 331 3906 [lamque
346 3833 406 3902 tibi,
423 3850 460 3888 ne
475 3851 549 3889 vana
564 3843 648 3907 putes
664 3835 737 3892 haec
751 3837 861 3911 fingere
877 3855 1022 3905 somnum,
