2742 4284
218 314 259 378 54
475 297 506 358 Τ
501 318 606 359 umus
627 295 714 359 Bias
735 296 789 358 Iris
811 296 894 359 Men
917 297 1007 360 Rest.
1145 307 1264 372 [AEnrro.

218 485 280 541 luce
296 483 391 558 palam
406 493 517 540 certum
532 492 576 540 est
591 482 649 558 igni
664 482 845 540 circumdare
860 501 967 541 muros.

218 578 309 636 Haud
323 580 377 638 sihi
392 598 459 636 cum
477 579 584 638 Danais
598 597 660 637 rem
675 579 742 638 saxo
758 589 786 636 et
801 580 879 654 pube
896 580 1016 655 Pelasga

217 694 281 735 esse
295 677 396 749 ierant,
411 675 571 735 decumum
586 695 660 752 quos
675 675 786 734 distulit
801 678 917 735 Hector
930 677 959 735 in
974 695 1092 737 annum.

218 774 305 832 Nunc
320 773 405 846 adeo,
420 774 523 832 melior
536 775 674 849 quoniam
690 793 756 849 pars
771 786 837 832 acta
850 774 919 846 diei,

217 871 298 948 quod
313 880 452 946 superest,
468 871 535 929 laeti
552 872 626 930 bene
641 873 730 947 gestis
746 891 871 948 corpora
884 874 970 932 rebus

217 980 380 1046 procurate,
396 969 456 1042 viri,
471 979 501 1028 et
515 988 645 1045 pugnam
662 981 777 1045 sperate
792 972 904 1046 parari!
994 988 997 994 ·

219 1070 334 1126 Interea
347 1068 464 1144 vigilum
479 1068 609 1126 excubiis
625 1068 762 1126 obsidere
776 1079 875 1144 portas

218 1185 287 1224 cura
301 1165 385 1223 datur
400 1167 539 1240 Messapo
555 1176 583 1224 et
599 1167 718 1224 moenia
733 1168 849 1242 cingere
865 1167 997 1226 flammis.

219 1264 267 1322 Bis
282 1274 395 1340 septem
410 1264 519 1336 Rutuli,
536 1283 634 1322 muros
650 1265 701 1339 qui
716 1265 806 1322 milite
820 1276 944 1335 servent,

218 1362 345 1434 delecti,
367 1372 410 1421 ast
424 1363 488 1420 illos
503 1363 622 1420 centeni
638 1381 787 1438 quemque
802 1374 962 1438 sequuntur

218 1461 355 1536 purpurei
370 1461 461 1519 cristis
477 1461 595 1519 iuvenes
611 1480 741 1536 auroque
756 1463 880 1519 corusci.

220 1559 391 1616 Discurrunt
404 1561 572 1635 variantque
588 1561 668 1618 vices
683 1559 797 1633 fusique
812 1577 865 1634 per
878 1559 999 1617 herbam

219 1656 369 1732 indulgent
383 1658 452 1716 vino
466 1667 496 1714 et
510 1666 625 1716 vertunt
639 1667 764 1714 crateras
778 1657 878 1715 ainos.

220 1755 386 1813 Conlucent
401 1755 491 1830 ignes,
508 1764 625 1811 noctem
643 1753 778 1811 custodia
792 1753 873 1812 ducit

219 1852 383 1910 insomnem
398 1852 477 1911 ludu.

262 1951 348 2007 Haec
363 1968 450 2025 super
464 1968 480 2007 e
494 1950 570 2008 vallo
584 1960 775 2026 prospectant
789 1951 881 2008 Troes
896 1961 926 2008 et
938 1952 1025 2009 armis

220 2048 277 2105 alta
290 2057 400 2119 tenent,
416 2065 548 2106 necnon
565 2047 672 2123 trepidi
688 2047 843 2106 formidine
857 2059 956 2125 portas

222 2145 372 2220 explorant
386 2147 542 2221 pontisque
557 2155 587 2204 et
601 2146 822 2221 propugnacula
837 2147 967 2222 iungunt,

220 2243 277 2300 tela
292 2253 404 2318 gemnt.
448 2245 539 2301 Instat
555 2243 730 2302 Mnestheus
745 2262 872 2318 acerque
887 2245 1025 2315 Serestus,

221 2361 295 2417 quos
310 2353 392 2417 pater
406 2345 529 2414 Aeneas
545 2341 690 2417 siquando
705 2340 828 2400 adversa
841 2352 988 2412 vocarent,

221 2450 348 2498 rectores
364 2441 498 2499 iuvenum
515 2450 544 2498 et
558 2459 653 2498 rerum
668 2439 752 2498 dedit
766 2459 830 2498 esse
846 2440 1005 2515 magistros.

222 2538 325 2597 Omnis
340 2558 393 2614 per
408 2558 505 2596 muros
520 2539 605 2615 legi0,
621 2539 721 2596 sortita
735 2538 886 2613 periclum,

222 2637 346 2696 excubat
360 2646 535 2711 exercetque
550 2637 638 2707 viceS,
653 2635 736 2710 quod
752 2636 857 2710 cuique
872 2634 1016 2693 tuendum
1031 2646 1082 2693 est.

263 2735 350 2793 Nisus
365 2745 426 2792 erat
440 2745 541 2809 portae
557 2744 664 2806 custos,
680 2734 836 2792 acerrimus
852 2735 947 2804 armis,

224 2832 408 2908 Hyrtacides,
425 2833 563 2890 comitem
578 2835 697 2890 Aeneae
711 2851 801 2907 quem
816 2833 932 2890 miserat
948 2831 1003 2889 Ida

223 2931 350 2988 venatrix
364 2930 460 2986 iaculo
476 2930 600 2988 celerem
615 2930 784 3004 levibusque
800 2930 928 3006 sagittis,

224 3028 244 3084 it
257 3026 336 3084 iuxta
350 3045 451 3085 comes
468 3027 616 3103 Euryalus,
632 3045 692 3102 quo
708 3026 854 3102 pulchrior
869 3027 939 3084 alter

223 3143 282 3182 non
296 3125 348 3182 suit
362 3123 536 3182 Aeneadum
550 3124 676 3182 Troiana
690 3143 787 3199 neque
802 3124 895 3182 induit
909 3143 997 3194 arma,
1042 3199 1045 3205 1

223 3241 273 3280 ora
287 3240 360 3297 puer
373 3223 466 3298 prima
480 3222 596 3297 signans
610 3222 727 3280 intonsa
740 3221 865 3279 iuventa.

225 3320 281 3377 His
296 3339 377 3378 amor
390 3340 465 3378 unus
480 3329 549 3390 erat,
566 3319 730 3394 pariterque
744 3319 775 3377 in
788 3320 865 3378 bella
878 3321 1018 3378 ruebant:

225 3428 283 3475 tum
299 3437 416 3493 quoque
433 3418 582 3476 communi
597 3427 711 3493 portam
727 3418 851 3475 statione
865 3418 1014 3476 tenebant.

225 3516 311 3573 Nisus
326 3517 383 3574 ait:
407 3517 503 3574 ‘Dine
518 3515 597 3574 hunc
611 3514 746 3574 ardorem
761 3516 906 3573 mentibus
920 3515 1042 3587 addunt,

226 3613 357 3689 Euryale,
372 3633 410 3682 an
425 3633 477 3671 sua
491 3614 595 3688 cuique
611 3614 684 3672 deus
699 3613 731 3670 fit
745 3613 808 3670 dira
823 3612 954 3688 cupido?

225 3715 281 3770 Aut
294 3731 423 3788 pugnam
438 3722 487 3770 aut
501 3711 610 3786 aliquid
624 3711 798 3770 iamdudum
812 3710 949 3768 invadere
964 3730 1104 3786 magnum

296 3841 329 3874 ¹⁶⁵
340 3846 429 3899 putent.
450 3843 506 3887 Eds.
659 3840 694 3873 ¹⁵⁸
704 3842 795 3897 parati.
817 3842 849 3886 H.
1004 3839 1037 3872 1⁶1
1052 3839 1148 3885 Rutulo.
1169 3840 1200 3885 H.
