2742 4284
120 349 197 400 VIII.
212 347 283 414 383]
479 336 545 400 Ite
571 337 642 398 Site
664 333 704 416 of
721 333 832 396 Rome.

117 529 184 587 dira
198 527 266 598 loci,
287 526 346 584 iam
361 536 422 583 tum
439 525 538 582 silvam
555 540 715 596 saxumque
729 520 901 578 tremebant.

118 629 212 686 ‘Hoc
229 642 341 694 nemus,
362 624 460 692 hunc‚'
477 622 579 695 inquit,
597 617 756 677 ‘frondoso
770 619 877 675 vertice
895 618 1001 675 collem

122 719 206 804 (quis
221 723 294 782 deus
311 723 456 780 incertum
473 719 532 793 est)
555 718 664 776 habitat
679 716 771 774 deus:
794 715 925 774 Arcades
940 716 1035 790 ipsum

118 823 246 882 credunt
260 842 291 880 se
306 819 412 878 vidisse
432 819 542 886 Iovem,
567 834 636 874 curn
651 834 740 892 saepe
754 817 918 893 nigrantem

118 923 226 999 aegida
241 931 411 980 concuteret
429 919 532 976 dextra
552 918 727 992 nimbosque
742 919 839 976 cieret.

50 1026 54 1033 '
120 1023 210 1080 Haec
225 1021 285 1078 duo
300 1032 451 1096 praeterea
473 1017 601 1075 disiectis
618 1018 730 1094 oppida
744 1021 841 1088 muris,
917 1013 922 1024 ’

118 1120 256 1194 reliquias
272 1131 462 1194 veterumque
482 1119 564 1176 vides
584 1119 765 1176 monimenta
778 1118 912 1176 virorum.

121 1219 211 1276 Hanc
228 1219 317 1276 Ianus
334 1229 425 1293 pater,
446 1217 521 1274 lianc
542 1218 680 1274 Saturnus
696 1215 830 1273 condidit
844 1233 960 1273 arcem:

120 1316 287 1373 Ianiculum
303 1316 379 1386 huic,
399 1315 437 1372 illi
454 1316 546 1372 fuerat
564 1314 696 1372 Saturnia
710 1315 839 1370 nomen’

119 1413 240 1472 Talibus
255 1415 329 1471 inter
345 1432 376 1471 se
394 1414 480 1472 dictis
499 1412 537 1470 ad
553 1423 632 1469 tecta
646 1411 782 1468 subibant

120 1512 260 1587 pauperis
277 1511 407 1569 Euandri
427 1511 595 1586 passimque
612 1519 744 1567 armenta
757 1507 897 1566 videbant

121 1611 320 1685 Romanoque
337 1610 399 1667 soro
417 1618 446 1666 et
463 1609 547 1666 lautis
564 1608 674 1682 mugire
691 1607 812 1664 Carinis.

120 1707 164 1766 Ut
177 1716 298 1765 ventum
315 1707 352 1764 ad
369 1707 474 1765 sedes:
502 1707 628 1775 ‘Haec,’
645 1706 745 1778 inquit,
763 1705 878 1761 ‘limina
892 1704 984 1762 victor

120 1805 242 1863 Alcides
256 1806 352 1877 subiit,
371 1807 445 1863 haec
463 1805 542 1862 illum
558 1805 638 1879 regia
651 1805 739 1878 cepit.

120 1902 217 1974 Aude,
235 1904 352 1979 hospes,
375 1915 565 1962 contemnere
582 1921 654 1978 opes
669 1913 700 1958 et
714 1912 743 1959 te
758 1919 876 1976 quoque
892 1900 1011 1976 dignum

119 2000 199 2076 finge
216 1999 274 2058 deo
290 2002 437 2076 rebusque
456 2002 522 2058 veni
537 2020 597 2058 non
613 2019 698 2075 asper
712 2000 832 2074 egenis!

121 2098 205 2156 Dixit
218 2108 248 2156 et
263 2101 378 2174 angusti
396 2100 494 2157 subter
511 2100 622 2174 fastigia
639 2099 706 2155 tecti

119 2195 272 2271 ingentem
290 2200 410 2255 Aenean
428 2196 511 2256 duxit
526 2198 678 2272 stratisque
694 2196 799 2253 locavit

120 2293 253 2352 effultum
267 2296 341 2352 foliis
358 2305 387 2352 et
405 2296 481 2370 pelle
499 2294 654 2370 Libystidis
670 2313 762 2351 ursae.

162 2393 191 2450 N
193 2411 232 2450 ox
245 2394 301 2450 ruit
317 2403 347 2451 et
362 2394 449 2451 fuscis
465 2394 599 2450 tellurem
613 2392 798 2467 amplectitur
812 2391 872 2448 alis.

119 2493 158 2548 At
172 2491 272 2548 Venus
289 2490 368 2549 haud
387 2492 484 2548 animo
501 2491 681 2566 nequiquam
696 2490 830 2547 exterrita
845 2499 936 2546 mater

119 2589 356 2664 Laurentumque
376 2590 461 2647 minis
477 2599 506 2647 et
523 2589 596 2646 duro
613 2600 694 2668 mota
708 2588 831 2645 tumultu

117 2688 284 2755 Volcanum
303 2687 469 2761 adloquitur
486 2688 673 2761 thalamoque
689 2687 762 2743 baec
777 2685 909 2759 coniugis
925 2702 1014 2741 aureo

118 2785 222 2860 incipit
236 2795 265 2842 et
281 2785 367 2842 dictis
385 2786 516 2843 divinum
533 2786 662 2861 adspirat
676 2803 825 2855 amorem:

118 2885 217 2939 ‘Dum
233 2883 310 2941 bello
328 2885 455 2958 Argolici
474 2883 624 2942 vastabant
641 2885 782 2956 Pergama
796 2900 879 2955 reges

117 2980 218 3038 debita
234 3000 408 3056 casurasque
425 2983 549 3039 inimicis
566 2980 678 3056 ignibus
694 3000 784 3049 arces,

116 3097 177 3136 nou
194 3080 283 3137 ullum
300 3081 437 3137 auxilium
454 3081 574 3148 miseris
592 3098 651 3136 non
667 3098 747 3135 arura
761 3079 859 3152 rogavi

116 3177 183 3234 artis
200 3178 322 3252 opisque
340 3189 406 3235 tuae
423 3188 532 3247 necte,
549 3178 695 3235 carissime
710 3177 848 3245 coniunx,

115 3274 301 3332 incassumve
320 3287 385 3332 tuos
402 3276 479 3333 volui
495 3293 630 3332 exercere
648 3274 769 3343 labores,

115 3373 249 3446 quamvis
266 3383 296 3429 et
313 3374 418 3430 Priami
434 3373 572 3430 deberem
589 3374 714 3447 plurima
727 3373 802 3430 natis

115 3479 144 3528 et
161 3469 269 3527 durum
288 3473 405 3527 Aeneae
421 3471 564 3528 flevissem
580 3488 668 3544 saepe
684 3470 822 3527 laborem.
876 3470 880 3478 '

115 3568 205 3625 Nunc
224 3569 302 3626 Iovis
318 3568 446 3643 imperiis
462 3568 637 3626 Rutulorum
653 3568 783 3626 constitit
797 3569 870 3625 oris:

115 3682 185 3740 ergo
202 3664 310 3723 eadem
325 3666 449 3740 supplex
463 3664 549 3723 venio
564 3676 593 3722 et
609 3676 744 3724 sanctum
758 3666 830 3725 mihi
846 3685 955 3723 numen

115 3780 195 3821 arma
210 3781 285 3837 rogo
299 3764 432 3838 genetrix
446 3773 525 3821 nat0.
567 3764 610 3821 Te
626 3764 683 3822 filia
699 3765 796 3837 Nerei,
876 3812 880 3818 .

442 3894 476 3928 ⁸⁶⁴
492 3895 597 3940 Comma
607 3895 688 3940 before
700 3897 792 3941 dextra.
820 3896 853 3941 H.
906 3898 911 3906 “
