2742 4284
176 277 224 325 111.
238 277 307 340 3⁶0]
428 263 570 327 naias
592 265 633 346 ff
647 246 811 326 nomme
839 263 958 326 rrius.

176 449 252 509 Inde
267 450 318 510 ubi
333 460 435 526 quarta
449 449 526 509 sitim
541 449 614 508 caeli
629 449 779 525 collegerit
793 449 864 508 hora

176 557 206 606 et
221 558 308 606 cantu
323 549 461 623 querulae
475 557 612 623 rumpent
627 548 744 606 arbusta
758 547 888 619 cicadae,

176 646 215 704 ad
229 655 334 721 puteos
349 656 398 704 aut
413 646 470 704 alta
484 663 586 721 greges
602 645 640 702 ad
656 655 758 720 stagna
773 646 882 704 iubebo

176 754 341 802 currentem
356 744 449 819 ilignis
464 753 565 818 potare
581 743 730 800 canalibus
746 743 857 801 undam
866 764 875 816 ,·

176 842 303 900 aestibus
318 851 348 899 et
363 841 467 899 mediis
482 841 652 899 umbrosam
669 841 820 915 exquirere
834 842 947 912 vallem,

176 940 270 999 sicubi
284 958 391 1015 magna
406 939 483 997 lovis
499 939 619 1013 antiquo
635 939 741 997 robore
757 958 882 1014 quercus

176 1039 300 1115 ingentis
316 1037 418 1096 tendat
431 1056 536 1108 ramos
553 1046 602 1094 aut
617 1037 709 1094 sicubi
725 1038 839 1112 nigrum

176 1137 289 1195 ilicibus
305 1135 412 1194 crebris
426 1153 508 1193 sacra
522 1152 626 1192 nemus
647 1135 773 1192 accubet
787 1135 908 1207 umbra,

175 1245 239 1293 tum
253 1234 349 1292 tenuis
364 1233 433 1291 dare
448 1251 543 1290 rursus
558 1250 657 1307 aquas,
673 1242 703 1289 et
718 1250 838 1307 pascere
853 1251 948 1290 rursus

176 1333 244 1391 solis
258 1331 298 1390 ad
312 1349 461 1401 occasum,
478 1349 545 1388 cum
561 1329 680 1404 frigidus
696 1330 763 1387 aera
777 1348 880 1404 vesper

126 1420 130 1428 ’
175 1439 329 1504 temperat,
345 1438 375 1486 et
389 1428 476 1486 saltus
490 1427 583 1484 reficit
599 1427 655 1484 iam
670 1426 787 1485 roscida
802 1428 878 1499 luna,

175 1529 317 1603 litoraque
332 1529 486 1602 alcyonem
500 1536 645 1596 resonant,
662 1525 847 1583 acalanthida
860 1525 951 1585 dumi.

218 1623 300 1700 Quid
313 1625 365 1683 tibi
380 1635 511 1699 pastores
527 1624 645 1699 Libyae,
663 1622 734 1698 quid
750 1641 860 1698 pascua
872 1642 955 1681 versu

176 1741 336 1800 prosequar
350 1732 379 1780 et
393 1723 461 1780 raris
476 1721 605 1780 habitata
620 1721 745 1796 mapalia
759 1722 865 1779 tectis?

177 1822 271 1896 Saepe
286 1819 366 1878 diem
380 1829 559 1894 noctemque
576 1829 605 1876 et
621 1829 714 1877 totum
730 1837 767 1876 ex
781 1818 883 1877 ordine
898 1837 1031 1878 mensem

177 1919 304 1994 pascitur
318 1918 398 1992 itque
413 1935 505 1993 pecus
520 1917 606 1992 longa
620 1918 649 1974 in
666 1916 783 1974 deserta
797 1917 858 1974 sine
873 1917 937 1974 ullis

178 2016 309 2091 hospitiis
321 2033 329 2073 :·
351 2025 464 2073 tantum
480 2015 576 2090 campi
592 2015 675 2072 iacet.
720 2015 829 2073 Omnia
843 2033 945 2073 secum

177 2113 365 2172 armentarius
381 2113 450 2171 Afer
464 2113 532 2188 agit,
548 2122 719 2187 tectumque
734 2112 884 2187 laremque

177 2230 314 2287 armaque
329 2211 579 2286 Amyclaeumque
595 2229 700 2268 canem
716 2211 910 2286 Cressamque
925 2210 1109 2285 pharetram3

178 2329 238 2368 non
252 2328 337 2368 secus
352 2327 387 2365 ac
402 2309 499 2383 patriis
516 2327 584 2366 acer
599 2310 752 2366 Romanus
767 2309 797 2365 in
811 2309 898 2365 armis

178 2407 284 2465 iniusto
299 2407 353 2465 sub
367 2407 444 2464 fasce
459 2407 536 2464 viam
550 2425 619 2464 cum
636 2407 738 2480 carpit,
754 2416 783 2463 et
798 2406 875 2464 hosti

178 2515 245 2563 ante
260 2514 460 2579 exspectatum
475 2504 577 2579 positis
591 2513 647 2561 stat
661 2505 692 2560 in
707 2505 822 2579 agmine
837 2504 945 2561 castris.

218 2606 256 2660 At
270 2621 331 2661 non
345 2620 404 2677 qua
417 2601 551 2677 Scythiae
566 2611 668 2677 gentes
684 2602 874 2676 Maeotiaque
889 2601 978 2672 unda,

177 2698 309 2758 turbidus
324 2709 353 2757 et
367 2710 506 2774 torquens
522 2699 651 2757 flaventis
669 2700 771 2757 Hister
785 2718 898 2770 arenas,

179 2817 294 2874 quaque
309 2797 383 2856 redit
400 2796 531 2856 medium
546 2797 695 2872 Rhodope
710 2807 844 2872 porrecta
858 2797 913 2855 sub
927 2814 1021 2855 axem.

180 2897 241 2955 Illic
256 2897 355 2954 clausa
372 2906 472 2954 tenent
488 2897 605 2954 stabulis
622 2907 761 2967 armenta,
777 2914 873 2970 neque
888 2895 962 2953 ullae

179 3005 228 3052 aut
241 2995 348 3052 herbae
364 3012 471 3069 campo
486 3003 627 3069 apparent
641 3004 691 3051 aut
705 2995 806 3052 arbore
821 2992 958 3066 frondes3

179 3090 232 3150 sed
246 3093 321 3150 iacet
336 3092 489 3168 aggeribus
506 3092 597 3150 niveis
612 3092 741 3149 informis
757 3101 785 3149 et
800 3091 859 3149 alto

178 3200 252 3248 terra
267 3190 333 3266 gelu
349 3190 414 3261 late,
430 3200 603 3265 septemque
618 3189 748 3265 adsurgit
763 3191 792 3247 in
807 3190 898 3247 ulnas.

179 3290 300 3363 Semper
315 3288 438 3362 hiemps,
454 3305 569 3363 semper
584 3288 726 3362 spirantes
740 3289 846 3362 frigora
859 3287 956 3346 Cauri.

177 3387 255 3444 Tum
270 3386 314 3443 sol
328 3386 461 3460 pallentis
477 3385 556 3443 haud
572 3404 711 3460 umquam
727 3384 845 3442 discutit
859 3385 986 3455 umbraS,

179 3502 235 3541 nec
249 3502 318 3541 cum
333 3483 464 3542 invectus
480 3483 562 3558 equis
577 3483 667 3540 altum
682 3483 756 3556 petit
771 3482 897 3552 aethera,
912 3501 969 3539 nec
984 3499 1052 3539 cum

178 3582 368 3656 praecipitem
385 3581 499 3640 Oceani
513 3581 599 3637 rubro
614 3581 681 3637 lavit
696 3598 823 3654 aequore
838 3598 963 3638 currum.

178 3679 380 3763 Concrescunt
394 3679 507 3736 subitae
523 3679 650 3736 currenti
665 3679 695 3735 in
710 3678 829 3736 flumine
845 3687 969 3749 crustae,

589 3807 622 3841 ⁸⁸⁸
633 3810 749 3865 alcyonea.
766 3809 822 3854 Eds'.
