2742 4284
135 313 250 377 X.800.]
422 303 563 368 Antores
588 306 686 370 stain
711 305 898 388 byClrance.

133 488 353 565 ingrediturque
368 489 431 548 solo
446 500 476 549 et
489 501 580 567 caput
593 491 668 550 inter
680 491 781 570 nubila
794 491 914 550 condit:

133 586 195 644 talis
211 604 243 644 se
258 587 345 644 vastis
359 587 444 645 insert
459 589 623 647 Mezentius
637 590 732 647 armis.

133 683 216 741 Huic
230 693 334 742 contra
347 688 471 756 Aeneas,
487 686 653 761 speculatus
667 687 698 744 in
711 688 828 762 agmine
842 688 939 764 longo,
1011 687 1015 694 ’

132 781 234 840 obvius
249 782 291 839 ire
306 792 397 857 parat.
440 785 543 842 Manet
556 783 763 860 imperterritus
777 785 834 859 ille,

132 880 249 937 hostem
264 881 483 955 magnanimum
497 882 661 957 opperiens
677 893 707 940 et
721 884 798 941 mole
813 902 866 942 sua
879 895 952 957 stat;

131 988 220 1052 atque
235 977 329 1036 oculis
342 979 469 1054 spatium
484 997 628 1051 emensus,
644 991 786 1056 quantum
800 983 867 1040 satis
882 984 999 1040 hastae:

132 1077 264 1132 ‘Dextra
278 1075 348 1132 mihi
363 1075 436 1134 deus
452 1087 482 1136 et
496 1079 594 1149 telum,
609 1078 692 1152 quod
707 1079 813 1136 missile
828 1081 910 1152 libro,

131 1191 210 1230 nunc
225 1172 324 1231 adsint
337 1176 343 1232 l
384 1175 487 1232 Voveo
502 1175 658 1251 praedonis
673 1195 797 1252 corpore
811 1179 899 1252 raptis

132 1271 267 1330 indutum
284 1270 383 1346 spoliis
397 1272 493 1348 ipsum
508 1283 546 1344 te,
563 1273 667 1344 Lause,
683 1285 839 1350 tropaeum

130 1371 271 1428 Aeneae!
315 1371 397 1428 Dixit
410 1370 640 1447 stridentemque
655 1375 770 1432 eminus
784 1375 894 1434 hastam

131 1469 219 1540 iecit3
242 1479 272 1526 at
287 1469 334 1526 illa
348 1470 450 1527 volans
465 1469 562 1546 clipeo
577 1480 621 1528 est
636 1490 759 1530 excussa
772 1475 933 1549 proculque

131 1567 283 1642 egregium
298 1569 428 1624 Antoren
443 1567 518 1625 latus
534 1568 609 1627 inter
623 1580 652 1626 et
667 1570 717 1627 ilia
728 1571 799 1646 figit,

132 1665 271 1721 Herculis
286 1667 417 1722 Antoren
432 1665 582 1738 comitem,
598 1667 648 1742 qni
662 1669 767 1726 missus
780 1670 819 1727 ab
832 1670 915 1744 Argis

131 1763 264 1820 haeserat
280 1761 420 1820 Euandro
434 1773 522 1837 atque
539 1765 612 1822 Itala
626 1766 801 1824 consederat
814 1768 894 1825 urbe.

131 1860 273 1918 Sternitur
286 1860 385 1917 infelix
399 1861 496 1918 alieno
510 1862 627 1920 volnere
642 1865 815 1940 caelumque

130 1957 235 2032 aspicit
250 1967 280 2014 et
296 1957 388 2016 dulcis
404 1959 531 2017 moriens
546 1961 740 2021 reminiscitur
753 1965 846 2038 Argos

130 2066 192 2113 tum
208 2056 274 2130 pius
289 2058 404 2114 Aeneas
419 2056 531 2114 hastam
546 2059 631 2116 iacit:
656 2059 703 2117 illa
716 2079 769 2135 per
782 2062 883 2119 orbern

131 2171 197 2211 aere
212 2172 319 2211 cavum
333 2154 446 2229 triplici,
463 2173 515 2230 per
529 2156 605 2214 linea
618 2165 701 2232 terga
714 2159 861 2233 tribusque

130 2251 232 2308 transit
247 2250 390 2308 intextum
406 2253 493 2309 tauris
508 2271 582 2328 opus
598 2253 715 2329 imaque
730 2255 806 2312 sedit

131 2349 259 2423 inguine,
275 2347 329 2406 sed
343 2349 409 2406 viris
424 2348 503 2407 haud
517 2351 642 2424 pertulit.
686 2353 778 2412 Ocius
792 2371 893 2410 ensem

132 2449 256 2516 Aeneas,
271 2446 334 2503 viso
348 2445 490 2522 Tyrrheni
504 2449 643 2522 sanguine
659 2450 759 2521 laetus,

131 2545 215 2618 eripit
230 2562 248 2600 a
262 2543 370 2600 semine
385 2554 414 2601 et
428 2544 587 2619 trepidanti
601 2547 727 2606 fervidus
741 2549 835 2606 instat.

131 2642 282 2716 Ingemuit
296 2642 355 2699 cari
369 2643 493 2716 graviter
505 2644 643 2718 genitoris
658 2663 767 2719 amore,

130 2751 161 2797 ut
175 2739 258 2810 vidit,
275 2741 395 2810 LausuS,
411 2741 606 2816 lacrimaeque
621 2761 673 2817 per
687 2763 739 2801 ora
752 2746 875 2804 volutae.

132 2838 192 2896 Hic
206 2838 307 2895 mortis
323 2837 412 2895 durae
428 2857 529 2896 casum
544 2850 652 2914 tuaque
667 2843 780 2916 optima
794 2844 879 2914 facta,

130 2938 214 3012 siqua
228 2935 318 2994 fidem
335 2946 416 2994 tanto
432 2947 476 2995 est
491 2939 573 3012 operi
588 2939 678 2996 latura
693 2950 828 3012 vetustas,

130 3053 192 3092 non
206 3033 346 3108 equidem
362 3044 471 3107 necte,
487 3035 598 3094 iuvenis
613 3038 813 3112 memorande,
829 3040 929 3098 silebo.

131 3132 183 3189 llle
198 3131 309 3206 pedem
324 3132 451 3190 reserens
467 3142 496 3190 et
510 3134 617 3192 inutilis
631 3136 720 3209 inque
734 3137 837 3211 ligatus

131 3229 258 3288 cedebat
272 3230 427 3304 clipeoque
442 3231 594 3289 inimicum
608 3233 710 3290 hastile
725 3235 874 3292 trahebat:

106 3375 109 3379 .
132 3329 263 3404 prorupit
277 3328 389 3386 iuvenis
404 3347 527 3405 seseque
543 3329 703 3388 immiscuit
717 3333 804 3390 armis

131 3428 249 3502 iamque
263 3426 445 3502 adsurgentis
460 3426 563 3486 dextra
577 3429 753 3504 plagamque
767 3431 883 3488 serentis

130 3528 249 3584 Aeneae
265 3525 351 3584 subiit
365 3545 538 3585 mucronem
553 3526 708 3602 ipsumque
722 3528 866 3586 morando

132 3624 274 3682 sustinuit.
317 3625 394 3684 Socii
409 3643 516 3700 magno
533 3625 658 3683 clamore
674 3636 843 3700 sequuntur,

133 3719 201 3778 dum
217 3719 331 3796 genitor
345 3723 406 3780 nati
420 3740 521 3797 pamla
535 3733 685 3799 protectus
701 3725 800 3794 abiret,

418 3850 450 3884 ⁷⁷⁷
462 3852 535 3898 inicia
565 3853 665 3910 clipeare,
675 3867 704 3922 as
713 3867 760 3898 one
770 3855 844 3900 word.
859 3855 889 3902 R.
