2742 4284
158 322 289 383 xl1.747.]
519 310 584 374 The
612 311 690 375 Two
711 310 861 377 Contend.

159 499 385 572 congeminant:
408 498 466 557 fors
481 509 510 557 et
524 499 612 557 virtus
628 501 786 558 miscentur
799 501 829 558 in
843 521 944 560 unum.

159 597 202 652 Ac
217 596 295 653 velut
310 596 420 671 ingenti
436 597 492 655 Sila
506 615 659 656 summove
674 599 814 656 Taburno

159 710 229 750 cum
244 692 304 751 duo
320 694 467 752 conversis
481 695 599 752 inimica
613 696 642 753 in
657 697 769 770 proelia
782 698 856 754 tauri

158 791 299 850 frontibus
314 791 482 864 incurrunt;
504 792 602 868 pavidi
617 811 731 852 cessere
747 795 883 870 magistri,

159 897 215 946 stat
229 906 320 964 pecus
335 907 423 948 omne
438 899 518 947 metu
534 900 647 948 mutum
662 903 850 967 mussantque
865 894 1015 966 iuvencae,

159 987 223 1062 quis
238 987 350 1045 nemori
365 987 520 1063 imperitet,
536 1007 625 1064 quem
641 999 703 1047 tota
716 1001 848 1048 armenta
860 1001 1036 1067 sequantur3

158 1083 197 1140 illi
211 1084 286 1143 inter
300 1103 364 1143 sese
378 1086 470 1144 multa
483 1086 510 1144 vi
524 1087 643 1145 volnera
657 1089 781 1146 miscent

158 1200 327 1259 cornuaque
342 1183 442 1241 obnixi
456 1184 578 1260 infigunt
594 1196 622 1244 et
636 1187 777 1262 sanguine
791 1188 871 1263 largo

158 1279 233 1337 colla
246 1293 402 1356 annosque
417 1281 532 1355 lavant3
554 1283 664 1359 gemitu
678 1302 783 1342 nemus
797 1302 887 1342 omne
902 1287 1043 1361 remugit:

158 1396 218 1435 non
233 1378 318 1437 alitur
330 1380 404 1438 Tros
418 1383 534 1438 Aeneas
549 1390 578 1438 et
593 1383 727 1440 Daunius
741 1382 826 1441 heros

158 1487 334 1535 concurrunt
349 1477 450 1554 clipeis
461 1500 471 1552 ;
493 1480 595 1555 ingens
609 1480 705 1555 fragor
718 1481 836 1539 aethera
850 1483 988 1556 complet.

158 1574 291 1650 Iuppiter
304 1576 367 1650 ipse
382 1575 455 1633 duas
470 1587 596 1651 aequato
611 1579 746 1636 examine
760 1580 859 1637 lances

157 1673 280 1731 sustinet
294 1683 324 1731 et
337 1674 396 1731 lata
410 1674 536 1749 imponit
550 1675 664 1734 diversa
677 1675 812 1749 duorum,

157 1791 246 1848 quern
261 1771 382 1832 damnet
396 1772 478 1830 labor
492 1782 521 1830 et
534 1791 595 1848 quo
609 1784 709 1849 vergat
724 1774 854 1850 pondere
869 1777 968 1835 letum.

158 1871 275 1928 Emicat
288 1870 345 1942 hic,
361 1870 481 1945 impune
495 1881 610 1946 putans,
625 1882 655 1930 et
669 1891 792 1949 corpore
806 1884 869 1931 toto

157 1970 213 2027 alte
228 1969 372 2028 sublatum
389 1970 537 2044 consurgit
551 1971 666 2028 Turnus
681 1971 711 2028 in
726 1990 827 2030 ensem

158 2078 187 2125 et
201 2067 283 2124 serit:
308 2067 473 2125 exclamant
486 2069 579 2125 Troes
594 2068 758 2143 trepidique
774 2069 878 2142 Latini,

158 2175 344 2240 arrectaeque
360 2165 513 2223 amborum
527 2167 614 2223 acies.
656 2169 696 2224 At
709 2166 837 2243 perfidus
852 2169 929 2226 ensis

157 2264 295 2340 frangitur
310 2263 341 2320 in
355 2261 514 2338 medioque
529 2264 682 2322 ardentem
698 2264 805 2322 deserit
820 2267 879 2323 ictu
895 2313 901 2324 .
919 2313 924 2324 .
943 2313 949 2326 .

158 2363 187 2420 ni
201 2363 270 2438 fuga
284 2361 415 2420 subsidio
429 2361 540 2419 subeat.
585 2362 670 2437 Fugit
684 2363 768 2420 ocior
781 2382 861 2436 euro,

159 2471 189 2518 ut
203 2460 340 2535 capulum
356 2460 486 2535 ignotum
502 2459 694 2536 dextramque
708 2462 821 2536 aspexit
835 2461 986 2520 inermem.

158 2560 251 2616 Fama
264 2568 308 2617 est
322 2558 522 2634 praecipitem,
538 2577 607 2615 cum
621 2559 715 2633 prima
728 2559 758 2616 in
772 2560 883 2634 proelia
897 2560 1011 2618 iunctos

158 2656 378 2716 conscendebat
392 2674 494 2732 equos,
509 2657 603 2732 patrio
619 2675 759 2715 mucrone
773 2658 883 2729 relicto,

158 2755 229 2813 dum
244 2755 378 2831 trepidat,
396 2756 502 2814 sermm
518 2756 634 2831 aurigae
649 2757 778 2832 rapuisse
794 2757 919 2815 Metisci.

159 2852 256 2928 quue
271 2853 332 2925 diu,
348 2853 418 2911 dum
434 2863 513 2929 terga
528 2849 638 2912 dabant
651 2853 780 2930 palantia
792 2855 908 2927 Teucri,

159 2950 288 3008 suffecit:
312 2961 468 3026 postquam
484 2971 564 3010 arma
579 2951 628 3009 dei
644 2952 681 3009 ad
696 2951 839 3010 Volcania
851 2962 1007 3025 ventumst,

158 3049 286 3107 mortalis
301 3068 403 3107 mucro
417 3051 524 3125 glacies
540 3070 595 3109 ceu
610 3051 697 3108 sutilis
713 3051 771 3108 ictu

159 3144 300 3220 dissiluit;
322 3147 399 3205 lulva
414 3148 602 3223 resplendent
617 3149 758 3224 fragmina
772 3148 888 3207 harena.

160 3245 237 3319 Ergo
253 3263 355 3303 amens
370 3246 482 3304 diversa
496 3247 563 3322 suga
578 3248 651 3322 petit
665 3266 793 3322 aequora
806 3249 922 3305 Turnus

159 3351 188 3399 et
202 3362 281 3400 nunc
297 3343 365 3415 huc,
380 3343 450 3402 inde
464 3344 522 3402 huc
537 3345 663 3403 incertos
679 3346 809 3420 implicat
824 3346 928 3417 orbes,

158 3439 289 3516 undique
304 3441 384 3499 enirn
399 3441 491 3500 densa
504 3443 611 3500 Teucri
625 3443 769 3501 inclusere
784 3461 902 3514 corona,

158 3547 246 3614 atque
261 3539 330 3596 hinc
345 3550 424 3598 vasta
439 3540 529 3615 palus,
545 3541 614 3599 hinc
628 3541 720 3600 ardua
733 3542 852 3599 moenia
867 3541 996 3616 cingunt.

200 3636 265 3693 Nec
279 3637 375 3693 minus
390 3640 513 3710 Aeneas,
528 3656 706 3714 quamquam
721 3639 833 3696 tardata
847 3639 950 3714 sagitta

158 3732 304 3791 interdum
318 3752 415 3810 genua
429 3735 593 3810 impediunt
607 3755 783 3810 cursumque
799 3746 942 3806 recusant,

568 3868 602 3900 7⁴⁶
612 3869 729 3912 tardante.
746 3868 802 3912 luds.
