<?xml version="1.0" encoding="UTF-8"?>
<!DOCTYPE html PUBLIC "-//W3C//DTD XHTML 1.0 Transitional//EN"
    "http://www.w3.org/TR/xhtml1/DTD/xhtml1-transitional.dtd">
<html xmlns="http://www.w3.org/1999/xhtml" xml:lang="en" lang="en">
 <head>
  <title>
</title>
<meta http-equiv="Content-Type" content="text/html;charset=utf-8" />
  <meta name='ocr-system' content='tesseract 3.04.00' />
  <meta name='ocr-capabilities' content='ocr_page ocr_carea ocr_par ocr_line ocrx_word'/>
</head>
<body>
  <div class='ocr_page' id='page_1' title='image "./greaterpoemsvir03virggoog_0062.png"; bbox 0 0 2742 4284; ppageno 0'>
   <div class='ocr_carea' id='block_1_1' title="bbox 165 248 1242 368">
    <p class='ocr_par' dir='ltr' id='par_1_1' title="bbox 165 248 1242 368">
     <span class='ocr_line' id='line_1_1' title="bbox 165 248 1242 368; baseline 0 -20"><span class='ocrx_word' id='word_1_1' title='bbox 165 288 205 368; x_wconf 83' lang='lat'>56</span> <span class='ocrx_word' id='word_1_2' title='bbox 417 283 482 348; x_wconf 69' lang='lat' dir='ltr'>rte</span> <span class='ocrx_word' id='word_1_3' title='bbox 504 284 625 346; x_wconf 77' lang='lat' dir='ltr'>Elders</span> <span class='ocrx_word' id='word_1_4' title='bbox 647 285 765 367; x_wconf 80' lang='lat' dir='ltr'>Accept</span> <span class='ocrx_word' id='word_1_5' title='bbox 785 287 839 348; x_wconf 66' lang='lat' dir='ltr'>tae</span> <span class='ocrx_word' id='word_1_6' title='bbox 864 286 960 368; x_wconf 66' lang='lat' dir='ltr'>offer.</span> <span class='ocrx_word' id='word_1_7' title='bbox 1092 248 1242 364; x_wconf 54' lang='lat' dir='ltr'>[mans</span> 
     </span>
    </p>
   </div>
   <div class='ocr_carea' id='block_1_2' title="bbox 162 471 1035 3778">
    <p class='ocr_par' dir='ltr' id='par_1_2' title="bbox 164 471 890 546">
     <span class='ocr_line' id='line_1_2' title="bbox 164 471 890 546; baseline 0 -16"><span class='ocrx_word' id='word_1_8' title='bbox 164 471 327 530; x_wconf 88' lang='lat' dir='ltr'>succedunt</span> <span class='ocrx_word' id='word_1_9' title='bbox 341 482 514 546; x_wconf 85' lang='lat' dir='ltr'><strong>servantque</strong></span> <span class='ocrx_word' id='word_1_10' title='bbox 529 473 626 530; x_wconf 91' lang='lat' dir='ltr'>vices:</span> <span class='ocrx_word' id='word_1_11' title='bbox 650 473 775 530; x_wconf 87' lang='lat' dir='ltr'>statione</span> <span class='ocrx_word' id='word_1_12' title='bbox 790 475 890 531; x_wconf 88' lang='lat' dir='ltr'>relicta</span> 
     </span>
    </p>

    <p class='ocr_par' dir='ltr' id='par_1_3' title="bbox 164 569 927 742">
     <span class='ocr_line' id='line_1_3' title="bbox 164 569 927 646; baseline 0.003 -19"><span class='ocrx_word' id='word_1_13' title='bbox 164 571 225 644; x_wconf 90' lang='lat' dir='ltr'>ipse</span> <span class='ocrx_word' id='word_1_14' title='bbox 241 587 341 626; x_wconf 90' lang='lat' dir='ltr'>comes</span> <span class='ocrx_word' id='word_1_15' title='bbox 357 570 431 627; x_wconf 92' lang='lat' dir='ltr'>Niso</span> <span class='ocrx_word' id='word_1_16' title='bbox 445 569 581 644; x_wconf 86' lang='lat' dir='ltr'>graditur,</span> <span class='ocrx_word' id='word_1_17' title='bbox 596 587 754 645; x_wconf 88' lang='lat' dir='ltr'>regemque</span> <span class='ocrx_word' id='word_1_18' title='bbox 769 572 927 646; x_wconf 87' lang='lat' dir='ltr'>requirunt.</span> 
     </span>
     <span class='ocr_line' id='line_1_4' title="bbox 205 667 856 742; baseline -0.002 -16"><span class='ocrx_word' id='word_1_19' title='bbox 205 667 311 726; x_wconf 89' lang='lat' dir='ltr'>Cetera</span> <span class='ocrx_word' id='word_1_20' title='bbox 323 684 377 742; x_wconf 90' lang='lat' dir='ltr'>per</span> <span class='ocrx_word' id='word_1_21' title='bbox 389 675 478 726; x_wconf 87' lang='lat' dir='ltr'>terras</span> <span class='ocrx_word' id='word_1_22' title='bbox 493 667 587 724; x_wconf 91' lang='lat' dir='ltr'>omnis</span> <span class='ocrx_word' id='word_1_23' title='bbox 602 667 738 725; x_wconf 85' lang='lat' dir='ltr'>animalia</span> <span class='ocrx_word' id='word_1_24' title='bbox 751 687 856 725; x_wconf 91' lang='lat' dir='ltr'>somno</span> 
     </span>
    </p>

    <p class='ocr_par' dir='ltr' id='par_1_4' title="bbox 165 764 815 825">
     <span class='ocr_line' id='line_1_5' title="bbox 165 764 815 825; baseline 0.003 -2"><span class='ocrx_word' id='word_1_25' title='bbox 165 766 298 824; x_wconf 88' lang='lat' dir='ltr'>laxabant</span> <span class='ocrx_word' id='word_1_26' title='bbox 312 783 395 822; x_wconf 92' lang='lat' dir='ltr'>curas</span> <span class='ocrx_word' id='word_1_27' title='bbox 411 774 439 822; x_wconf 92' lang='lat' dir='ltr'>et</span> <span class='ocrx_word' id='word_1_28' title='bbox 454 764 546 822; x_wconf 89' lang='lat' dir='ltr'>corda</span> <span class='ocrx_word' id='word_1_29' title='bbox 559 765 650 823; x_wconf 85' lang='lat' dir='ltr'>oblita</span> <span class='ocrx_word' id='word_1_30' title='bbox 664 766 815 825; x_wconf 89' lang='lat' dir='ltr'>laborum:</span> 
     </span>
    </p>

    <p class='ocr_par' dir='ltr' id='par_1_5' title="bbox 163 862 886 938">
     <span class='ocr_line' id='line_1_6' title="bbox 163 862 886 938; baseline 0.001 -16"><span class='ocrx_word' id='word_1_31' title='bbox 163 863 300 922; x_wconf 91' lang='lat' dir='ltr'>ductores</span> <span class='ocrx_word' id='word_1_32' title='bbox 314 863 462 920; x_wconf 85' lang='lat' dir='ltr'>Teucrum</span> <span class='ocrx_word' id='word_1_33' title='bbox 479 863 563 938; x_wconf 90' lang='lat' dir='ltr'>primi</span> <span class='ocrx_word' id='word_1_34' title='bbox 579 873 608 920; x_wconf 93' lang='lat' dir='ltr'>et</span> <span class='ocrx_word' id='word_1_35' title='bbox 623 862 739 921; x_wconf 86' lang='lat' dir='ltr'>delecta</span> <span class='ocrx_word' id='word_1_36' title='bbox 753 865 886 923; x_wconf 88' lang='lat' dir='ltr'>iuventus</span> 
     </span>
    </p>

    <p class='ocr_par' dir='ltr' id='par_1_6' title="bbox 163 960 871 1036">
     <span class='ocr_line' id='line_1_7' title="bbox 163 960 871 1036; baseline 0 -16"><span class='ocrx_word' id='word_1_37' title='bbox 163 962 315 1020; x_wconf 91' lang='lat' dir='ltr'>consilium</span> <span class='ocrx_word' id='word_1_38' title='bbox 331 961 451 1019; x_wconf 90' lang='lat' dir='ltr'>summis</span> <span class='ocrx_word' id='word_1_39' title='bbox 466 962 547 1036; x_wconf 89' lang='lat' dir='ltr'>regni</span> <span class='ocrx_word' id='word_1_40' title='bbox 562 960 600 1018; x_wconf 91' lang='lat' dir='ltr'>de</span> <span class='ocrx_word' id='word_1_41' title='bbox 614 961 701 1019; x_wconf 87' lang='lat' dir='ltr'>rebus</span> <span class='ocrx_word' id='word_1_42' title='bbox 716 962 871 1034; x_wconf 88' lang='lat' dir='ltr'>habebant,</span> 
     </span>
    </p>

    <p class='ocr_par' dir='ltr' id='par_1_7' title="bbox 163 1059 930 1135">
     <span class='ocr_line' id='line_1_8' title="bbox 163 1059 930 1135; baseline 0.001 -17"><span class='ocrx_word' id='word_1_43' title='bbox 163 1059 234 1135; x_wconf 88' lang='lat' dir='ltr'>quid</span> <span class='ocrx_word' id='word_1_44' title='bbox 248 1060 378 1116; x_wconf 87' lang='lat' dir='ltr'>facerent</span> <span class='ocrx_word' id='word_1_45' title='bbox 393 1060 492 1133; x_wconf 88' lang='lat' dir='ltr'>quisve</span> <span class='ocrx_word' id='word_1_46' title='bbox 508 1061 625 1116; x_wconf 85' lang='lat' dir='ltr'>Aeneae</span> <span class='ocrx_word' id='word_1_47' title='bbox 640 1059 699 1117; x_wconf 91' lang='lat' dir='ltr'>iam</span> <span class='ocrx_word' id='word_1_48' title='bbox 713 1061 930 1120; x_wconf 75' lang='lat' dir='ltr'>nuntius&#39;esset.</span> 
     </span>
    </p>

    <p class='ocr_par' dir='ltr' id='par_1_8' title="bbox 163 1156 874 1232">
     <span class='ocr_line' id='line_1_9' title="bbox 163 1156 874 1232; baseline 0.001 -17"><span class='ocrx_word' id='word_1_49' title='bbox 163 1158 244 1215; x_wconf 86' lang='lat' dir='ltr'>Stant</span> <span class='ocrx_word' id='word_1_50' title='bbox 258 1157 352 1232; x_wconf 86' lang='lat' dir='ltr'>longis</span> <span class='ocrx_word' id='word_1_51' title='bbox 367 1156 464 1214; x_wconf 88' lang='lat' dir='ltr'>adnixi</span> <span class='ocrx_word' id='word_1_52' title='bbox 480 1156 577 1227; x_wconf 90' lang='lat' dir='ltr'>hastis,</span> <span class='ocrx_word' id='word_1_53' title='bbox 593 1166 622 1213; x_wconf 93' lang='lat' dir='ltr'>et</span> <span class='ocrx_word' id='word_1_54' title='bbox 636 1167 719 1214; x_wconf 89' lang='lat' dir='ltr'>scuta</span> <span class='ocrx_word' id='word_1_55' title='bbox 733 1167 874 1231; x_wconf 90' lang='lat' dir='ltr'>tenentes,</span> 
     </span>
    </p>

    <p class='ocr_par' dir='ltr' id='par_1_9' title="bbox 163 1237 949 1329">
     <span class='ocr_line' id='line_1_10' title="bbox 163 1237 949 1329; baseline 0.005 -18"><span class='ocrx_word' id='word_1_56' title='bbox 163 1237 323 1313; x_wconf 81' lang='lat' dir='ltr'>castrorum</span> <span class='ocrx_word' id='word_1_57' title='bbox 338 1265 366 1311; x_wconf 92' lang='lat' dir='ltr'>et</span> <span class='ocrx_word' id='word_1_58' title='bbox 383 1255 480 1329; x_wconf 89' lang='lat' dir='ltr'>campi</span> <span class='ocrx_word' id='word_1_59' title='bbox 495 1254 603 1313; x_wconf 89' lang='lat' dir='ltr'>medio.</span> <span class='ocrx_word' id='word_1_60' title='bbox 646 1257 723 1312; x_wconf 92' lang='lat' dir='ltr'>Tum</span> <span class='ocrx_word' id='word_1_61' title='bbox 739 1256 830 1314; x_wconf 89' lang='lat' dir='ltr'><strong>Nisus</strong></span> <span class='ocrx_word' id='word_1_62' title='bbox 845 1267 874 1314; x_wconf 92' lang='lat' dir='ltr'>et</span> <span class='ocrx_word' id='word_1_63' title='bbox 890 1277 949 1315; x_wconf 89' lang='lat' dir='ltr'>una</span> 
     </span>
    </p>

    <p class='ocr_par' dir='ltr' id='par_1_10' title="bbox 164 1351 878 1428">
     <span class='ocr_line' id='line_1_11' title="bbox 164 1351 878 1428; baseline 0.004 -19"><span class='ocrx_word' id='word_1_64' title='bbox 164 1353 306 1428; x_wconf 87' lang='lat' dir='ltr'>Euryalus</span> <span class='ocrx_word' id='word_1_65' title='bbox 322 1353 476 1410; x_wconf 86' lang='lat' dir='ltr'>confestim</span> <span class='ocrx_word' id='word_1_66' title='bbox 492 1352 600 1410; x_wconf 86' lang='lat' dir='ltr'>alacres</span> <span class='ocrx_word' id='word_1_67' title='bbox 615 1351 763 1412; x_wconf 88' lang='lat' dir='ltr'>admittier</span> <span class='ocrx_word' id='word_1_68' title='bbox 778 1365 878 1412; x_wconf 88' lang='lat' dir='ltr'>orant:</span> 
     </span>
    </p>

    <p class='ocr_par' dir='ltr' id='par_1_11' title="bbox 162 1451 1035 1526">
     <span class='ocr_line' id='line_1_12' title="bbox 162 1451 1035 1526; baseline 0.003 -19"><span class='ocrx_word' id='word_1_69' title='bbox 162 1470 224 1508; x_wconf 91' lang='lat' dir='ltr'>rem</span> <span class='ocrx_word' id='word_1_70' title='bbox 239 1469 385 1526; x_wconf 90' lang='lat' dir='ltr'>magnam,</span> <span class='ocrx_word' id='word_1_71' title='bbox 402 1451 586 1525; x_wconf 89' lang='lat' dir='ltr'>pretiumque</span> <span class='ocrx_word' id='word_1_72' title='bbox 601 1469 701 1508; x_wconf 90' lang='lat' dir='ltr'>morae</span> <span class='ocrx_word' id='word_1_73' title='bbox 716 1452 786 1508; x_wconf 83' lang='lat' dir='ltr'>sore.</span> <span class='ocrx_word' id='word_1_74' title='bbox 830 1453 941 1510; x_wconf 86' lang='lat' dir='ltr'>Primus</span> <span class='ocrx_word' id='word_1_75' title='bbox 956 1454 1035 1512; x_wconf 91' lang='lat' dir='ltr'>Iulus</span> 
     </span>
    </p>

    <p class='ocr_par' dir='ltr' id='par_1_12' title="bbox 162 1547 812 1624">
     <span class='ocr_line' id='line_1_13' title="bbox 162 1547 812 1624; baseline 0 -18"><span class='ocrx_word' id='word_1_76' title='bbox 162 1550 278 1624; x_wconf 90' lang='lat' dir='ltr'>accepit</span> <span class='ocrx_word' id='word_1_77' title='bbox 292 1548 422 1624; x_wconf 90' lang='lat' dir='ltr'>trepidos</span> <span class='ocrx_word' id='word_1_78' title='bbox 438 1567 472 1605; x_wconf 89' lang='lat' dir='ltr'>ae</span> <span class='ocrx_word' id='word_1_79' title='bbox 489 1548 592 1606; x_wconf 88' lang='lat' dir='ltr'>Nisum</span> <span class='ocrx_word' id='word_1_80' title='bbox 608 1547 707 1605; x_wconf 87' lang='lat' dir='ltr'>dicere</span> <span class='ocrx_word' id='word_1_81' title='bbox 722 1549 812 1606; x_wconf 89' lang='lat' dir='ltr'>iussit.</span> 
     </span>
    </p>

    <p class='ocr_par' dir='ltr' id='par_1_13' title="bbox 162 1645 985 1722">
     <span class='ocr_line' id='line_1_14' title="bbox 162 1645 985 1722; baseline 0.001 -18"><span class='ocrx_word' id='word_1_82' title='bbox 162 1649 240 1704; x_wconf 91' lang='lat' dir='ltr'>Tum</span> <span class='ocrx_word' id='word_1_83' title='bbox 255 1648 296 1705; x_wconf 91' lang='lat' dir='ltr'>sic</span> <span class='ocrx_word' id='word_1_84' title='bbox 314 1646 507 1722; x_wconf 88' lang='lat' dir='ltr'>Hyrtacides:</span> <span class='ocrx_word' id='word_1_85' title='bbox 533 1645 657 1702; x_wconf 89' lang='lat' dir='ltr'>‘Audite</span> <span class='ocrx_word' id='word_1_86' title='bbox 672 1646 701 1703; x_wconf 92' lang='grc' dir='ltr'>Ο</span> <span class='ocrx_word' id='word_1_87' title='bbox 716 1647 861 1705; x_wconf 90' lang='lat' dir='ltr'>mentibus</span> <span class='ocrx_word' id='word_1_88' title='bbox 875 1649 985 1722; x_wconf 89' lang='lat' dir='ltr'>aequis,</span> 
     </span>
    </p>

    <p class='ocr_par' dir='ltr' id='par_1_14' title="bbox 163 1744 968 1818">
     <span class='ocr_line' id='line_1_15' title="bbox 163 1744 968 1818; baseline 0 -16"><span class='ocrx_word' id='word_1_89' title='bbox 163 1744 329 1815; x_wconf 89' lang='lat' dir='ltr'>Aeneadae,</span> <span class='ocrx_word' id='word_1_90' title='bbox 345 1763 419 1801; x_wconf 91' lang='lat' dir='ltr'>neve</span> <span class='ocrx_word' id='word_1_91' title='bbox 436 1744 508 1800; x_wconf 90' lang='lat' dir='ltr'>haec</span> <span class='ocrx_word' id='word_1_92' title='bbox 524 1744 628 1800; x_wconf 89' lang='lat' dir='ltr'>nostris</span> <span class='ocrx_word' id='word_1_93' title='bbox 642 1753 812 1818; x_wconf 86' lang='lat' dir='ltr'>spectentur</span> <span class='ocrx_word' id='word_1_94' title='bbox 825 1745 863 1802; x_wconf 89' lang='lat' dir='ltr'>ab</span> <span class='ocrx_word' id='word_1_95' title='bbox 876 1746 968 1815; x_wconf 91' lang='lat' dir='ltr'>annis,</span> 
     </span>
    </p>

    <p class='ocr_par' dir='ltr' id='par_1_15' title="bbox 163 1841 885 1917">
     <span class='ocr_line' id='line_1_16' title="bbox 163 1841 885 1917; baseline 0 -17"><span class='ocrx_word' id='word_1_96' title='bbox 163 1861 238 1917; x_wconf 90' lang='lat' dir='ltr'>quae</span> <span class='ocrx_word' id='word_1_97' title='bbox 253 1843 379 1900; x_wconf 87' lang='lat' dir='ltr'>ferimus.</span> <span class='ocrx_word' id='word_1_98' title='bbox 424 1841 523 1899; x_wconf 87' lang='lat' dir='ltr'>Rutuli</span> <span class='ocrx_word' id='word_1_99' title='bbox 538 1860 643 1898; x_wconf 93' lang='lat' dir='ltr'>somno</span> <span class='ocrx_word' id='word_1_100' title='bbox 658 1843 785 1916; x_wconf 89' lang='lat' dir='ltr'>vinoque</span> <span class='ocrx_word' id='word_1_101' title='bbox 800 1842 885 1901; x_wconf 90' lang='lat' dir='ltr'>soluti</span> 
     </span>
    </p>

    <p class='ocr_par' dir='ltr' id='par_1_16' title="bbox 163 1939 899 2014">
     <span class='ocr_line' id='line_1_17' title="bbox 163 1939 899 2014; baseline 0.001 -18"><span class='ocrx_word' id='word_1_102' title='bbox 163 1941 330 1998; x_wconf 89' lang='lat' dir='ltr'>conticuere</span> <span class='ocrx_word' id='word_1_103' title='bbox 343 1961 351 2011; x_wconf 81' lang='lat'>3</span> <span class='ocrx_word' id='word_1_104' title='bbox 374 1941 472 1996; x_wconf 80' lang='lat' dir='ltr'>locuni</span> <span class='ocrx_word' id='word_1_105' title='bbox 488 1939 598 1997; x_wconf 91' lang='lat' dir='ltr'>insidiis</span> <span class='ocrx_word' id='word_1_106' title='bbox 614 1940 820 2014; x_wconf 90' lang='lat' dir='ltr'>conspeximus</span> <span class='ocrx_word' id='word_1_107' title='bbox 835 1941 899 2014; x_wconf 90' lang='lat' dir='ltr'>ipsi,</span> 
     </span>
    </p>

    <p class='ocr_par' dir='ltr' id='par_1_17' title="bbox 163 2038 945 2113">
     <span class='ocr_line' id='line_1_18' title="bbox 163 2038 945 2113; baseline 0.003 -19"><span class='ocrx_word' id='word_1_108' title='bbox 163 2038 213 2113; x_wconf 93' lang='lat' dir='ltr'>qui</span> <span class='ocrx_word' id='word_1_109' title='bbox 227 2048 308 2112; x_wconf 90' lang='lat' dir='ltr'>patet</span> <span class='ocrx_word' id='word_1_110' title='bbox 323 2038 352 2095; x_wconf 94' lang='lat' dir='ltr'>in</span> <span class='ocrx_word' id='word_1_111' title='bbox 367 2038 446 2095; x_wconf 92' lang='lat' dir='ltr'>bivio</span> <span class='ocrx_word' id='word_1_112' title='bbox 462 2047 571 2112; x_wconf 89' lang='lat' dir='ltr'>portae,</span> <span class='ocrx_word' id='word_1_113' title='bbox 587 2055 662 2111; x_wconf 87' lang='lat' dir='ltr'>quae</span> <span class='ocrx_word' id='word_1_114' title='bbox 677 2055 820 2111; x_wconf 87' lang='lat' dir='ltr'>proxuma</span> <span class='ocrx_word' id='word_1_115' title='bbox 832 2047 945 2112; x_wconf 87' lang='lat' dir='ltr'>pont0;</span> 
     </span>
    </p>

    <p class='ocr_par' dir='ltr' id='par_1_18' title="bbox 163 2133 828 2211">
     <span class='ocr_line' id='line_1_19' title="bbox 163 2133 828 2211; baseline -0.002 -18"><span class='ocrx_word' id='word_1_116' title='bbox 163 2137 314 2210; x_wconf 86' lang='lat' dir='ltr'>interrupti</span> <span class='ocrx_word' id='word_1_117' title='bbox 329 2137 419 2211; x_wconf 89' lang='lat' dir='ltr'>ignes,</span> <span class='ocrx_word' id='word_1_118' title='bbox 436 2146 555 2210; x_wconf 91' lang='lat' dir='ltr'>aterque</span> <span class='ocrx_word' id='word_1_119' title='bbox 570 2134 609 2192; x_wconf 89' lang='lat' dir='ltr'>ad</span> <span class='ocrx_word' id='word_1_120' title='bbox 623 2133 718 2192; x_wconf 90' lang='lat' dir='ltr'>sidera</span> <span class='ocrx_word' id='word_1_121' title='bbox 732 2134 828 2192; x_wconf 84' lang='lat' dir='ltr'>fumus</span> 
     </span>
    </p>

    <p class='ocr_par' dir='ltr' id='par_1_19' title="bbox 164 2234 710 2309">
     <span class='ocr_line' id='line_1_20' title="bbox 164 2234 710 2309; baseline -0.004 -17"><span class='ocrx_word' id='word_1_122' title='bbox 164 2235 297 2309; x_wconf 88' lang='lat' dir='ltr'>erigitur:</span> <span class='ocrx_word' id='word_1_123' title='bbox 322 2235 344 2291; x_wconf 92' lang='lat' dir='ltr'>si</span> <span class='ocrx_word' id='word_1_124' title='bbox 360 2235 474 2292; x_wconf 88' lang='lat' dir='ltr'>fortuna</span> <span class='ocrx_word' id='word_1_125' title='bbox 489 2234 653 2308; x_wconf 89' lang='lat' dir='ltr'>permittitis</span> <span class='ocrx_word' id='word_1_126' title='bbox 667 2234 710 2290; x_wconf 91' lang='lat' dir='ltr'>uti</span> 
     </span>
    </p>

    <p class='ocr_par' dir='ltr' id='par_1_20' title="bbox 163 2331 812 2407">
     <span class='ocr_line' id='line_1_21' title="bbox 163 2331 812 2407; baseline 0.002 -19"><span class='ocrx_word' id='word_1_127' title='bbox 163 2333 327 2407; x_wconf 88' lang='lat' dir='ltr'>quaesitum</span> <span class='ocrx_word' id='word_1_128' title='bbox 344 2335 465 2390; x_wconf 89' lang='lat' dir='ltr'>Aenean</span> <span class='ocrx_word' id='word_1_129' title='bbox 481 2343 510 2389; x_wconf 90' lang='lat' dir='ltr'>et</span> <span class='ocrx_word' id='word_1_130' title='bbox 525 2332 643 2389; x_wconf 91' lang='lat' dir='ltr'>moenia</span> <span class='ocrx_word' id='word_1_131' title='bbox 657 2331 812 2402; x_wconf 88' lang='lat' dir='ltr'>Pallantea,</span> 
     </span>
    </p>

    <p class='ocr_par' dir='ltr' id='par_1_21' title="bbox 163 2428 861 2504">
     <span class='ocr_line' id='line_1_22' title="bbox 163 2428 861 2504; baseline -0.001 -17"><span class='ocrx_word' id='word_1_132' title='bbox 163 2448 232 2487; x_wconf 88' lang='lat' dir='ltr'>mox</span> <span class='ocrx_word' id='word_1_133' title='bbox 247 2429 294 2486; x_wconf 93' lang='lat' dir='ltr'>hic</span> <span class='ocrx_word' id='word_1_134' title='bbox 310 2449 378 2487; x_wconf 90' lang='lat' dir='ltr'>cum</span> <span class='ocrx_word' id='word_1_135' title='bbox 394 2429 493 2504; x_wconf 91' lang='lat' dir='ltr'>spoliis</span> <span class='ocrx_word' id='word_1_136' title='bbox 509 2429 619 2504; x_wconf 84' lang='lat' dir='ltr'>ingenti</span> <span class='ocrx_word' id='word_1_137' title='bbox 634 2428 727 2487; x_wconf 90' lang='lat' dir='ltr'>caede</span> <span class='ocrx_word' id='word_1_138' title='bbox 742 2439 861 2504; x_wconf 90' lang='lat' dir='ltr'>peracta</span> 
     </span>
    </p>

    <p class='ocr_par' dir='ltr' id='par_1_22' title="bbox 163 2526 863 2586">
     <span class='ocr_line' id='line_1_23' title="bbox 163 2526 863 2586; baseline 0.001 -2"><span class='ocrx_word' id='word_1_139' title='bbox 163 2527 262 2585; x_wconf 85' lang='lat' dir='ltr'>adfore</span> <span class='ocrx_word' id='word_1_140' title='bbox 278 2529 412 2586; x_wconf 90' lang='lat' dir='ltr'>cernetis.</span> <span class='ocrx_word' id='word_1_141' title='bbox 457 2528 522 2584; x_wconf 90' lang='lat' dir='ltr'>Nec</span> <span class='ocrx_word' id='word_1_142' title='bbox 537 2545 591 2584; x_wconf 93' lang='lat' dir='ltr'>nos</span> <span class='ocrx_word' id='word_1_143' title='bbox 606 2526 652 2583; x_wconf 86' lang='lat' dir='ltr'>via</span> <span class='ocrx_word' id='word_1_144' title='bbox 666 2527 737 2584; x_wconf 88' lang='lat' dir='ltr'>fallit</span> <span class='ocrx_word' id='word_1_145' title='bbox 750 2528 863 2586; x_wconf 90' lang='lat' dir='ltr'>euntis:</span> 
     </span>
    </p>

    <p class='ocr_par' dir='ltr' id='par_1_23' title="bbox 162 2624 893 2700">
     <span class='ocr_line' id='line_1_24' title="bbox 162 2624 893 2700; baseline 0 -17"><span class='ocrx_word' id='word_1_146' title='bbox 162 2624 286 2683; x_wconf 91' lang='lat' dir='ltr'>vidimus</span> <span class='ocrx_word' id='word_1_147' title='bbox 302 2627 432 2684; x_wconf 92' lang='lat' dir='ltr'>obscuris</span> <span class='ocrx_word' id='word_1_148' title='bbox 447 2626 572 2700; x_wconf 92' lang='lat' dir='ltr'>primam</span> <span class='ocrx_word' id='word_1_149' title='bbox 588 2625 641 2683; x_wconf 93' lang='lat' dir='ltr'>sub</span> <span class='ocrx_word' id='word_1_150' title='bbox 655 2625 777 2683; x_wconf 88' lang='lat' dir='ltr'>vallibus</span> <span class='ocrx_word' id='word_1_151' title='bbox 791 2625 893 2684; x_wconf 91' lang='lat' dir='ltr'>urbem</span> 
     </span>
    </p>

    <p class='ocr_par' dir='ltr' id='par_1_24' title="bbox 162 2723 920 2797">
     <span class='ocr_line' id='line_1_25' title="bbox 162 2723 920 2797; baseline 0 -17"><span class='ocrx_word' id='word_1_152' title='bbox 162 2733 268 2781; x_wconf 92' lang='lat' dir='ltr'>venatu</span> <span class='ocrx_word' id='word_1_153' title='bbox 283 2723 408 2781; x_wconf 90' lang='lat' dir='ltr'>adsiduo</span> <span class='ocrx_word' id='word_1_154' title='bbox 423 2733 452 2781; x_wconf 90' lang='lat' dir='ltr'>et</span> <span class='ocrx_word' id='word_1_155' title='bbox 467 2733 559 2780; x_wconf 88' lang='lat' dir='ltr'>toturn</span> <span class='ocrx_word' id='word_1_156' title='bbox 577 2723 769 2797; x_wconf 90' lang='lat' dir='ltr'>cognovimus</span> <span class='ocrx_word' id='word_1_157' title='bbox 783 2725 920 2781; x_wconf 66' lang='lat' dir='ltr'>amnem!</span> 
     </span>
    </p>

    <p class='ocr_par' dir='ltr' id='par_1_25' title="bbox 164 2822 915 2898">
     <span class='ocr_line' id='line_1_26' title="bbox 164 2822 915 2898; baseline 0.001 -18"><span class='ocrx_word' id='word_1_158' title='bbox 164 2824 224 2880; x_wconf 89' lang='lat' dir='ltr'>Hic</span> <span class='ocrx_word' id='word_1_159' title='bbox 239 2823 321 2881; x_wconf 89' lang='lat' dir='ltr'>annis</span> <span class='ocrx_word' id='word_1_160' title='bbox 337 2823 431 2898; x_wconf 88' lang='lat' dir='ltr'>gravis</span> <span class='ocrx_word' id='word_1_161' title='bbox 448 2833 534 2897; x_wconf 89' lang='lat' dir='ltr'>atque</span> <span class='ocrx_word' id='word_1_162' title='bbox 550 2822 638 2880; x_wconf 88' lang='lat' dir='ltr'>animi</span> <span class='ocrx_word' id='word_1_163' title='bbox 653 2833 782 2881; x_wconf 86' lang='lat' dir='ltr'>matums</span> <span class='ocrx_word' id='word_1_164' title='bbox 800 2823 915 2881; x_wconf 92' lang='lat' dir='ltr'>Aletes:</span> 
     </span>
    </p>

    <p class='ocr_par' dir='ltr' id='par_1_26' title="bbox 163 2920 974 2997">
     <span class='ocr_line' id='line_1_27' title="bbox 163 2920 974 2997; baseline -0.001 -18"><span class='ocrx_word' id='word_1_165' title='bbox 163 2922 220 2980; x_wconf 92' lang='lat' dir='ltr'>‘Di</span> <span class='ocrx_word' id='word_1_166' title='bbox 234 2921 327 2997; x_wconf 85' lang='lat' dir='ltr'>patrii,</span> <span class='ocrx_word' id='word_1_167' title='bbox 343 2939 468 2996; x_wconf 90' lang='lat' dir='ltr'>quorum</span> <span class='ocrx_word' id='word_1_168' title='bbox 484 2938 599 2994; x_wconf 90' lang='lat' dir='ltr'>semper</span> <span class='ocrx_word' id='word_1_169' title='bbox 613 2921 667 2978; x_wconf 92' lang='lat' dir='ltr'>sub</span> <span class='ocrx_word' id='word_1_170' title='bbox 681 2920 802 2978; x_wconf 91' lang='lat' dir='ltr'>numine</span> <span class='ocrx_word' id='word_1_171' title='bbox 819 2922 908 2978; x_wconf 89' lang='lat' dir='ltr'>Troia</span> <span class='ocrx_word' id='word_1_172' title='bbox 922 2931 974 2992; x_wconf 90' lang='lat' dir='ltr'>est,</span> 
     </span>
    </p>

    <p class='ocr_par' dir='ltr' id='par_1_27' title="bbox 162 3017 862 3093">
     <span class='ocr_line' id='line_1_28' title="bbox 162 3017 862 3093; baseline 0 -17"><span class='ocrx_word' id='word_1_173' title='bbox 162 3028 336 3076; x_wconf 90' lang='lat' dir='ltr'>nontamen</span> <span class='ocrx_word' id='word_1_174' title='bbox 351 3019 473 3077; x_wconf 91' lang='lat' dir='ltr'>omnino</span> <span class='ocrx_word' id='word_1_175' title='bbox 487 3020 617 3076; x_wconf 90' lang='lat' dir='ltr'>Teucros</span> <span class='ocrx_word' id='word_1_176' title='bbox 633 3017 732 3076; x_wconf 91' lang='lat' dir='ltr'>delere</span> <span class='ocrx_word' id='word_1_177' title='bbox 747 3019 862 3093; x_wconf 88' lang='lat' dir='ltr'>paratis,</span> 
     </span>
    </p>

    <p class='ocr_par' dir='ltr' id='par_1_28' title="bbox 163 3111 1000 3175">
     <span class='ocr_line' id='line_1_29' title="bbox 163 3111 1000 3175; baseline 0 -2"><span class='ocrx_word' id='word_1_178' title='bbox 163 3135 231 3174; x_wconf 91' lang='lat' dir='ltr'>cum</span> <span class='ocrx_word' id='word_1_179' title='bbox 247 3117 309 3174; x_wconf 88' lang='lat' dir='ltr'>talis</span> <span class='ocrx_word' id='word_1_180' title='bbox 325 3118 438 3174; x_wconf 90' lang='lat' dir='ltr'>animos</span> <span class='ocrx_word' id='word_1_181' title='bbox 455 3117 590 3173; x_wconf 88' lang='lat' dir='ltr'>iuvenum</span> <span class='ocrx_word' id='word_1_182' title='bbox 606 3124 709 3174; x_wconf 89' lang='lat' dir='ltr'>ettam</span> <span class='ocrx_word' id='word_1_183' title='bbox 725 3126 803 3174; x_wconf 85' lang='lat' dir='ltr'>certa</span> <span class='ocrx_word' id='word_1_184' title='bbox 818 3116 919 3175; x_wconf 90' lang='lat' dir='ltr'>tulistis</span> <span class='ocrx_word' id='word_1_185' title='bbox 992 3111 1000 3132; x_wconf 79' lang='lat'>‘</span> 
     </span>
    </p>

    <p class='ocr_par' dir='ltr' id='par_1_29' title="bbox 162 3213 1028 3290">
     <span class='ocr_line' id='line_1_30' title="bbox 162 3213 1028 3290; baseline 0.001 -19"><span class='ocrx_word' id='word_1_186' title='bbox 162 3217 301 3290; x_wconf 89' lang='lat' dir='ltr'>pectora.’</span> <span class='ocrx_word' id='word_1_187' title='bbox 346 3216 391 3274; x_wconf 89' lang='lat' dir='ltr'>Sic</span> <span class='ocrx_word' id='word_1_188' title='bbox 408 3233 573 3273; x_wconf 90' lang='lat' dir='ltr'>memorans</span> <span class='ocrx_word' id='word_1_189' title='bbox 587 3231 704 3272; x_wconf 90' lang='lat' dir='ltr'>umeros</span> <span class='ocrx_word' id='word_1_190' title='bbox 719 3213 893 3289; x_wconf 90' lang='lat' dir='ltr'>dextrasque</span> <span class='ocrx_word' id='word_1_191' title='bbox 908 3215 1028 3272; x_wconf 85' lang='lat' dir='ltr'>tenebat</span> 
     </span>
    </p>

    <p class='ocr_par' dir='ltr' id='par_1_30' title="bbox 162 3311 925 3386">
     <span class='ocr_line' id='line_1_31' title="bbox 162 3311 925 3386; baseline 0.001 -17"><span class='ocrx_word' id='word_1_192' title='bbox 162 3312 315 3370; x_wconf 89' lang='lat' dir='ltr'>amborum</span> <span class='ocrx_word' id='word_1_193' title='bbox 330 3323 358 3370; x_wconf 92' lang='lat' dir='ltr'>et</span> <span class='ocrx_word' id='word_1_194' title='bbox 372 3313 482 3370; x_wconf 91' lang='lat' dir='ltr'>voltum</span> <span class='ocrx_word' id='word_1_195' title='bbox 496 3311 622 3369; x_wconf 88' lang='lat' dir='ltr'>lacrimis</span> <span class='ocrx_word' id='word_1_196' title='bbox 636 3322 725 3386; x_wconf 90' lang='lat' dir='ltr'>atque</span> <span class='ocrx_word' id='word_1_197' title='bbox 740 3331 791 3370; x_wconf 90' lang='lat' dir='ltr'>ora</span> <span class='ocrx_word' id='word_1_198' title='bbox 805 3312 925 3386; x_wconf 87' lang='lat' dir='ltr'>rigabat.</span> 
     </span>
    </p>

    <p class='ocr_par' dir='ltr' id='par_1_31' title="bbox 162 3408 946 3485">
     <span class='ocr_line' id='line_1_32' title="bbox 162 3408 946 3485; baseline -0.003 -17"><span class='ocrx_word' id='word_1_199' title='bbox 162 3409 266 3484; x_wconf 89' lang='lat' dir='ltr'>‘Quae</span> <span class='ocrx_word' id='word_1_200' title='bbox 280 3411 371 3482; x_wconf 91' lang='lat' dir='ltr'>vobis,</span> <span class='ocrx_word' id='word_1_201' title='bbox 387 3428 462 3485; x_wconf 89' lang='lat' dir='ltr'>quae</span> <span class='ocrx_word' id='word_1_202' title='bbox 478 3409 576 3485; x_wconf 90' lang='lat' dir='ltr'>digna,</span> <span class='ocrx_word' id='word_1_203' title='bbox 591 3409 652 3480; x_wconf 88' lang='lat' dir='ltr'>viri,</span> <span class='ocrx_word' id='word_1_204' title='bbox 668 3428 722 3484; x_wconf 90' lang='lat' dir='ltr'>pro</span> <span class='ocrx_word' id='word_1_205' title='bbox 736 3408 871 3467; x_wconf 91' lang='lat' dir='ltr'>laudibus</span> <span class='ocrx_word' id='word_1_206' title='bbox 886 3409 946 3467; x_wconf 90' lang='lat' dir='ltr'>istis</span> 
     </span>
    </p>

    <p class='ocr_par' dir='ltr' id='par_1_32' title="bbox 162 3507 952 3584">
     <span class='ocr_line' id='line_1_33' title="bbox 162 3507 952 3584; baseline -0.003 -18"><span class='ocrx_word' id='word_1_207' title='bbox 162 3509 291 3584; x_wconf 88' lang='lat' dir='ltr'>praemia</span> <span class='ocrx_word' id='word_1_208' title='bbox 305 3527 391 3584; x_wconf 90' lang='lat' dir='ltr'>posse</span> <span class='ocrx_word' id='word_1_209' title='bbox 406 3527 469 3565; x_wconf 89' lang='lat' dir='ltr'>rear</span> <span class='ocrx_word' id='word_1_210' title='bbox 483 3508 575 3566; x_wconf 87' lang='lat' dir='ltr'>solvi?</span> <span class='ocrx_word' id='word_1_211' title='bbox 618 3507 813 3566; x_wconf 91' lang='lat' dir='ltr'>Pulcherrima</span> <span class='ocrx_word' id='word_1_212' title='bbox 827 3507 952 3582; x_wconf 91' lang='lat' dir='ltr'>primum</span> 
     </span>
    </p>

    <p class='ocr_par' dir='ltr' id='par_1_33' title="bbox 163 3603 927 3682">
     <span class='ocr_line' id='line_1_34' title="bbox 163 3603 927 3682; baseline -0.001 -18"><span class='ocrx_word' id='word_1_213' title='bbox 163 3605 193 3664; x_wconf 92' lang='lat' dir='ltr'>di</span> <span class='ocrx_word' id='word_1_214' title='bbox 208 3624 362 3682; x_wconf 89' lang='lat' dir='ltr'>moresque</span> <span class='ocrx_word' id='word_1_215' title='bbox 378 3606 490 3665; x_wconf 91' lang='lat' dir='ltr'>dabunt</span> <span class='ocrx_word' id='word_1_216' title='bbox 503 3606 608 3678; x_wconf 88' lang='lat' dir='ltr'>vestri;</span> <span class='ocrx_word' id='word_1_217' title='bbox 631 3615 692 3662; x_wconf 89' lang='lat' dir='ltr'>tum</span> <span class='ocrx_word' id='word_1_218' title='bbox 708 3616 807 3663; x_wconf 88' lang='lat' dir='ltr'>cetera</span> <span class='ocrx_word' id='word_1_219' title='bbox 820 3603 927 3663; x_wconf 88' lang='lat' dir='ltr'>reddet</span> 
     </span>
    </p>

    <p class='ocr_par' dir='ltr' id='par_1_34' title="bbox 162 3703 810 3778">
     <span class='ocr_line' id='line_1_35' title="bbox 162 3703 810 3778; baseline -0.002 -17"><span class='ocrx_word' id='word_1_220' title='bbox 162 3712 292 3761; x_wconf 89' lang='lat' dir='ltr'>actutum</span> <span class='ocrx_word' id='word_1_221' title='bbox 307 3703 372 3777; x_wconf 92' lang='lat' dir='ltr'>pius</span> <span class='ocrx_word' id='word_1_222' title='bbox 387 3706 502 3761; x_wconf 88' lang='lat' dir='ltr'>Aeneas</span> <span class='ocrx_word' id='word_1_223' title='bbox 517 3713 605 3778; x_wconf 89' lang='lat' dir='ltr'>atque</span> <span class='ocrx_word' id='word_1_224' title='bbox 621 3704 732 3778; x_wconf 90' lang='lat' dir='ltr'>integer</span> <span class='ocrx_word' id='word_1_225' title='bbox 746 3703 810 3760; x_wconf 89' lang='lat' dir='ltr'>aevi</span> 
     </span>
    </p>
   </div>
   <div class='ocr_carea' id='block_1_3' title="bbox 574 3831 806 3879">
    <p class='ocr_par' dir='ltr' id='par_1_35' title="bbox 574 3831 806 3879">
     <span class='ocr_line' id='line_1_36' title="bbox 574 3831 806 3879; baseline 0.009 -3"><span class='ocrx_word' id='word_1_226' title='bbox 574 3831 806 3879; x_wconf 42' lang='lat' dir='ltr'>minuamus.</span> 
     </span>
    </p>
   </div>
   <div class='ocr_carea' id='block_1_4' title="bbox 0 0 1376 4284">
    <p class='ocr_par' dir='ltr' id='par_1_36' title="bbox 0 0 1376 4284">
     <span class='ocr_line' id='line_1_37' title="bbox 0 0 1376 4284; baseline 0 0"><span class='ocrx_word' id='word_1_227' title='bbox 0 0 1376 4284; x_wconf 95' lang='lat' dir='ltr'> </span> 
     </span>
    </p>
   </div>
  </div>
 </body>
</html>
