2742 4284
196 299 238 378 84
465 297 531 362 The
552 298 664 363 Battle
697 299 811 363 Waxes
832 300 984 383 Fiercely.
1125 311 1248 377 [AEunrn.
1315 250 1324 263 ἱ

194 484 267 543 dum
282 485 411 560 sequeris
426 485 553 561 Clytium
568 485 677 557 infelix,
692 504 770 544 nova
783 486 900 562 gaudia,
914 487 1030 563 Cydon,

194 581 345 641 Dardania
358 591 462 641 stratus
478 582 589 654 dextra,
605 600 724 642 securus
741 603 881 655 amorum,

193 680 245 755 qui
257 681 397 739 iuvenum
411 681 462 738 tibi
478 697 594 756 semper
609 691 700 752 erant,
718 682 883 740 miserande
897 684 1017 754 iaceres,

192 779 224 836 rii
237 780 354 863 fratrum
368 780 474 855 stipata
489 779 593 837 cohors
607 780 684 838 foret
698 780 793 851 obvia,
809 779 913 837 Phorci

192 878 357 953 progenies,
372 888 487 953 septem
503 895 635 949 numero,
652 886 833 954 septenaque
848 878 906 934 tela

192 976 362 1049 coniciunt3
384 975 488 1050 partim
503 975 586 1051 galea
604 975 759 1050 clipeoque
774 975 911 1033 resultant

191 1073 286 1146 inrita,
301 1073 419 1131 deflexit
434 1073 539 1150 partim
554 1073 724 1148 stringentia
739 1091 845 1148 corpus

191 1171 268 1228 alma
280 1173 390 1231 Venus.
434 1170 540 1229 Fidum
555 1173 671 1228 Aeneas
685 1170 799 1229 adfatur
813 1173 964 1230 Achaten:

193 1270 337 1346 ‘Suggere
352 1270 410 1327 tela
424 1268 512 1327 mihi:
536 1288 596 1328 non
612 1269 703 1326 ullum
718 1268 838 1327 dextera
851 1270 954 1327 fruma

191 1368 305 1427 torserit
319 1369 349 1426 in
364 1368 497 1439 Rutulos,
513 1377 655 1425 steterunt
669 1385 745 1441 quae
760 1368 788 1424 in
805 1385 927 1442 corpore
942 1367 1064 1425 Graium

192 1466 286 1524 Iliacis
301 1466 433 1541 campis!
476 1466 552 1523 Turn
568 1483 705 1541 magnam
719 1465 839 1540 corripit
855 1465 969 1522 hastam

191 1573 220 1622 et
234 1565 319 1623 iacit:
342 1564 390 1622 illa
404 1565 504 1622 volans
520 1563 607 1638 clipei
621 1563 832 1621 transverberat
847 1581 915 1620 aera

191 1663 327 1722 Maeonis
341 1671 370 1720 et
385 1662 506 1720 thoraca
520 1661 605 1719 simul
621 1679 690 1719 cum
705 1670 825 1736 pectore
840 1661 956 1735 rumpit.

191 1761 271 1818 Huic
286 1760 372 1819 frater
385 1761 463 1819 subit
478 1760 604 1817 Alcanor
618 1759 792 1832 fratremque
808 1766 940 1816 ruentem

189 1868 332 1916 sustentat
347 1857 469 1916 dextra:
492 1857 615 1915 traiecto
631 1858 719 1915 missa
732 1857 841 1914 lacerto

189 1956 320 2031 protinus
335 1956 418 2014 hasta
432 1956 503 2031 sugit
518 1963 805 2030 servatquecmenta
818 1964 960 2026 tenorem,

189 2053 366 2128 dexteraque
381 2072 419 2111 ex
433 2071 535 2112 umero
552 2054 645 2110 nervis
660 2052 835 2112 moribunda
849 2053 999 2128 pependit.

187 2153 266 2210 Tum
282 2153 419 2210 Numitor
433 2151 528 2209 iaculo
544 2151 635 2208 fratris
650 2150 689 2208 de
705 2169 827 2225 corpore
842 2159 926 2225 rapto

189 2252 309 2308 Aenean
324 2250 425 2324 petiit;
447 2248 500 2306 sed
515 2265 576 2306 non
593 2256 622 2304 et
636 2248 725 2323 figere
742 2258 843 2306 contra

188 2356 232 2406 est
245 2348 365 2418 licitum,
381 2347 537 2422 magnique
554 2346 647 2403 femur
661 2347 825 2421 perstrinxit
838 2347 979 2407 Achatae.

189 2446 249 2504 Hic
264 2446 388 2504 Curibus
403 2443 497 2502 fidens
514 2443 663 2518 primaevo
680 2462 803 2519 corpore
819 2443 940 2504 Clausus

187 2543 304 2602 advenit
319 2553 347 2601 et
361 2541 453 2617 rigida
469 2543 621 2616 Dryopem
638 2541 704 2599 ierit
717 2542 832 2600 eminus
847 2541 928 2599 hasta
1021 2600 1024 2604 .

186 2642 241 2700 sub
256 2650 387 2700 mentum
402 2641 527 2718 graviter
543 2657 643 2714 pressa
656 2640 820 2715 pariterque
835 2641 979 2715 loquentis

186 2757 292 2798 vocem
306 2740 493 2813 animamque
509 2739 582 2813 rapit
600 2739 723 2797 traiecto
738 2749 872 2814 gutture;
895 2740 984 2797 atille

185 2839 279 2918 fronte
294 2837 358 2895 serit
372 2846 477 2912 terram
493 2845 522 2893 et
537 2855 666 2894 crassum
680 2837 771 2895 vomit
785 2855 835 2895 ore
850 2856 992 2896 cruorem.

184 2937 256 2994 Tres
271 2953 388 3010 quoque
403 2935 556 2993 Threicios
576 2937 686 2994 Boreae
704 2937 742 2995 de
757 2946 844 3012 gente
859 2955 995 3011 suprema

185 3043 214 3091 et
228 3033 286 3105 tric,
301 3051 375 3108 quos
391 3032 459 3092 Idas
477 3042 559 3108 pater
577 3044 605 3091 et
620 3035 713 3111 patria
728 3037 839 3093 Ismara
852 3035 947 3106 mittit,

184 3149 237 3206 per
250 3131 344 3190 varios
358 3132 458 3190 sternit
475 3151 566 3190 casus
611 3133 743 3191 Accurrit
758 3133 903 3190 Halaesus

184 3232 395 3306 Auruncaeque
410 3220 523 3304 manusj
539 3233 617 3292 subit
632 3242 661 3290 et
676 3230 826 3306 Neptunia
839 3230 945 3305 proles,

183 3327 301 3402 insignis
318 3330 473 3406 Messapus
491 3332 582 3406 equis.
629 3329 782 3405 Expellere
797 3327 922 3390 tendunt

184 3444 262 3483 nunc
278 3427 316 3498 hi,
331 3447 410 3486 nunc
424 3430 483 3502 illi;
508 3439 634 3487 certatur
647 3428 747 3487 limine
761 3428 790 3485 in
806 3428 870 3503 ipso

184 3526 341 3585 Ausoniae.
388 3529 499 3603 Magno
515 3527 666 3586 discordes
681 3526 798 3584 aethere
813 3525 892 3584 venti

183 3624 294 3699 proelia
308 3643 365 3684 ceu
381 3625 486 3686 tollunt
500 3625 604 3683 animis
619 3633 648 3682 et
661 3624 769 3683 viribus
785 3623 905 3697 aequis3

183 3739 242 3780 non
257 3723 313 3800 ipsi
328 3723 404 3781 inter
417 3739 459 3794 se,
474 3741 535 3780 non
549 3722 657 3794 nubila,
673 3740 734 3780 non
749 3738 827 3779 mare
843 3719 942 3793 cedit;

615 3847 649 3882 ⁸⁵⁸
665 3850 751 3897 cedent.
772 3851 804 3895 H.
