2742 4284
153 319 171 362 1.
182 315 242 376 314]
266 304 543 385 WorksosNzglzt
556 305 722 384 andDay,
739 305 975 368 Summerand
993 306 1122 370 Winter.
1146 321 1201 385 171

149 490 208 546 Ter
221 499 288 546 sunt
303 489 403 546 conati
417 489 569 564 imponere
585 489 667 547 Pelio
682 490 790 548 Ossam

149 587 261 645 scilicet
275 597 363 661 atque
378 586 472 645 Ossae
487 586 658 646 frondosum
673 586 819 645 involvere
835 588 1016 663 Olympum3

149 694 193 742 ter
206 692 291 760 pater
306 694 468 742 exstructos
483 683 598 742 disiecit
612 685 734 743 fulmine
748 685 864 743 montis.
912 754 915 760 Ι

149 783 280 858 Septima
294 791 362 857 post
375 779 523 840 decimam
537 782 606 840 felix
620 791 649 840 et
663 801 774 858 ponere
788 783 879 841 vitem

149 890 178 938 et
191 897 314 956 prensos
328 879 472 937 domitare
486 880 578 938 boves
593 888 622 938 et
635 879 704 937 licia
716 881 792 938 telae

147 977 267 1037 addere.
311 978 400 1035 Nona
414 978 499 1054 fugae
514 979 625 1049 melior,
640 979 784 1036 contraria
797 978 887 1036 furtis.

190 1075 284 1133 Multa
298 1075 374 1134 adeo
387 1075 485 1151 gelida
499 1076 601 1134 melius
616 1093 647 1134 se
662 1086 752 1134 nocte
766 1075 885 1147 dedere,

148 1182 198 1232 aut
213 1191 282 1231 cum
296 1174 357 1230 sole
372 1190 451 1232 novo
465 1184 554 1232 terras
569 1175 677 1232 inrorat
692 1175 783 1232 Eous.

148 1261 248 1330 Nocte
263 1272 340 1328 leves
355 1271 457 1329 melius
472 1271 605 1346 stipulae,
620 1281 710 1330 nocte
723 1271 805 1329 arida
817 1281 901 1346 prata

146 1369 315 1440 tondentur,
331 1369 426 1426 noctis
441 1369 535 1428 lentus
550 1387 610 1428 non
626 1369 727 1427 deficit
741 1387 834 1427 umor.

147 1469 187 1526 Et
202 1467 323 1543 quidam
339 1485 418 1524 seros
435 1466 548 1524 hiberni
562 1465 601 1525 ad
615 1467 732 1525 luminis
746 1468 829 1542 ignes

146 1565 305 1641 pervigilat,
321 1565 456 1640 ferroque
470 1565 549 1622 faces
563 1565 689 1641 inspicat
703 1575 811 1638 acuto;

146 1664 257 1721 interea
271 1663 391 1737 longum
407 1673 495 1720 cantu
509 1663 602 1720 solata
614 1663 745 1722 laborem

146 1772 249 1837 arguto
264 1761 394 1818 coniunx
408 1761 549 1836 percurrit
562 1761 680 1836 pectine
696 1760 776 1831 telas,

145 1867 198 1917 aut
211 1858 305 1917 dulcis
321 1859 408 1916 musti
422 1859 557 1916 Vulcano
572 1858 713 1933 decoquit
727 1877 859 1916 umorem

146 1967 177 2016 et
191 1957 265 2015 foliis
280 1954 392 2014 undam
406 1955 513 2031 trepidi
528 1951 683 2032 despumat
697 1957 772 2014 alini.

145 2058 185 2113 At
199 2053 362 2113 rubicunda
376 2054 467 2112 Ceres
481 2054 581 2113 medio
596 2054 756 2113 succiditur
771 2064 861 2127 aestu,

146 2163 177 2211 et
191 2151 291 2210 medio
305 2161 396 2209 tostas
411 2161 495 2210 aestu
509 2153 575 2210 terit
588 2171 656 2210 area
669 2152 773 2227 fruges.

147 2250 253 2308 Nudus
267 2269 325 2321 ara,
341 2267 404 2307 sere
419 2249 536 2322 nudus,
559 2250 673 2325 hiemps
688 2251 792 2325 ignava
806 2251 922 2308 colono.

147 2347 313 2424 Frigoribus
329 2357 413 2422 parto
428 2347 571 2422 agricolae
585 2347 757 2422 plerumque
771 2348 911 2419 fruuntur,

146 2455 306 2519 mutuaque
321 2445 396 2504 inter
409 2463 440 2502 se
456 2445 522 2502 laeti
537 2445 672 2502 convivia
685 2455 798 2502 curant.

147 2544 256 2602 Invitat
269 2543 389 2618 genialis
405 2542 518 2617 hiemps
533 2561 675 2617 curasque
690 2542 815 2613 resolvit,

146 2660 203 2700 ceu
218 2659 335 2716 pressae
351 2657 418 2697 cum
434 2640 492 2710 iam
507 2649 623 2715 portum
638 2641 758 2715 tetigere
774 2641 890 2698 carinae

145 2739 294 2815 puppibus
309 2747 339 2794 et
352 2736 419 2794 laeti
434 2747 539 2795 nautae
555 2738 720 2812 imposuere
735 2755 868 2796 coronas.

146 2835 205 2895 Sed
220 2845 320 2893 tamen
336 2845 365 2892 et
380 2846 503 2909 quernas
519 2834 640 2911 glandes
653 2845 717 2894 tum
732 2836 871 2912 stringere
887 2847 1004 2912 tempus

147 2943 177 2991 et
190 2933 261 2991 lauri
275 2933 364 2991 bacas
379 2932 532 3007 oleamque
549 2943 728 3008 cruentaque
745 2944 847 3009 myrta,

147 3041 209 3090 tum
224 3031 342 3107 gruibus
357 3029 478 3105 pedicas
494 3037 523 3088 et
536 3031 608 3088 retia
622 3049 732 3106 ponere
748 3032 840 3089 cervis

148 3129 314 3203 auritosque
331 3128 414 3202 sequi
429 3128 552 3203 lepores,
568 3138 630 3186 tum
644 3128 733 3202 figere
748 3128 881 3187 dammas

147 3236 273 3303 stuppea
286 3235 472 3300 torquentem
489 3226 614 3284 Balearis
629 3225 749 3282 verbera
762 3226 880 3297 fundae,

148 3343 216 3382 cum
231 3325 281 3382 nix
295 3324 352 3381 alta
366 3325 451 3394 iacet,
467 3323 590 3398 glaciem
606 3341 698 3397 quom
712 3323 832 3381 flumina
845 3324 973 3385 trudunt.

189 3421 268 3496 Quid
283 3431 473 3496 tempestates
487 3421 618 3480 autumni
633 3431 663 3479 et
676 3420 772 3498 sidera
786 3422 893 3493 dicam,

147 3529 245 3594 atque,
261 3520 311 3577 ubi
326 3519 384 3576 iam
400 3519 572 3593 breviorque
588 3518 651 3577 dies
666 3529 696 3576 et
710 3519 824 3577 mollior
838 3530 940 3590 aestas,

149 3636 222 3692 quae
238 3617 383 3692 vigilanda
397 3617 462 3676 viris
474 3638 483 3689 ;
504 3617 549 3674 vel
563 3637 632 3675 cum
646 3618 703 3674 ruit
717 3618 896 3676 imbriferum
909 3637 969 3690 ver,

149 3716 249 3790 spicea
262 3716 322 3773 iam
336 3715 447 3790 campis
462 3732 530 3772 cum
546 3716 647 3773 messis
661 3716 804 3774 inhorruit
818 3724 848 3773 et
862 3734 932 3774 cum

378 3843 413 3878 ²⁹⁷
424 3859 472 3890 nec.
492 3844 549 3890 Eds.
821 3843 855 3877 Μ
866 3849 899 3891 at.
917 3845 974 3891 Edz.
