2742 4284
101 347 246 413 V11.621.]
371 340 436 403 The
463 339 561 404 Gates
584 342 624 424 of
651 341 730 405 War
752 340 890 425 Opened.

101 541 132 586 ut
147 527 243 602 pelagi
257 543 345 602 rupes
357 545 465 602 magno
479 528 615 586 veniente
630 528 753 604 fragore,

99 646 177 702 quae
192 643 257 683 sese
272 625 368 682 multis
385 626 495 683 circum
510 626 678 684 latrantibus
694 626 780 685 undis

100 726 178 783 mole
193 734 293 795 tenet;
316 723 428 798 scopuli
444 724 623 798 nequiquam
639 735 668 782 et
683 742 806 799 spumea
821 726 931 784 circum

99 842 170 881 saxa
184 823 312 880 fremunt
326 821 465 896 laterique
481 822 564 880 inlisa
578 822 740 880 refunditur
754 824 827 898 alga.

98 924 210 980 Verum
222 921 272 978 ubi
286 920 364 977 nulla
379 919 464 978 datur
478 905 603 978 caecum
617 937 791 995 exsuperare
806 932 935 996 potestas

99 1021 255 1078 consilium
269 1029 299 1076 et
313 1037 416 1076 saevae
432 1027 503 1076 nutu
519 1019 640 1076 Iunonis
654 1029 725 1076 eunt
739 1037 793 1089 res,

99 1120 190 1177 multa
205 1118 278 1175 deos
293 1134 435 1191 aurasque
451 1126 533 1191 pater
547 1126 667 1174 testatus
682 1117 795 1174 inanis:

98 1217 290 1290 ‘Frangimur
304 1215 361 1272 heu
376 1213 461 1286 latis,’
476 1215 578 1289 inquit,
596 1215 789 1289 ‘terimurque
804 1216 935 1289 procella
948 1220 954 1273 l

99 1317 161 1392 Ipsi
176 1317 228 1374 has
244 1315 385 1389 sacrilego
401 1313 535 1389 pendetis
551 1315 691 1388 sanguine
707 1332 828 1389 poenas,

97 1415 126 1474 Ο
142 1415 248 1472 miseri.
292 1414 345 1483 Te,
360 1413 469 1483 Turne,
485 1413 574 1483 nefas,
591 1425 619 1469 te
635 1413 714 1469 triste
730 1413 859 1470 manebit

96 1513 285 1588 supplicium,
300 1511 433 1585 votisque
449 1509 522 1568 deos
535 1511 713 1568 venerabere
725 1511 807 1568 seris.

97 1613 178 1668 Nam
194 1609 264 1667 mihi
279 1619 361 1683 parta
375 1609 466 1682 quies,
483 1609 636 1683 omnisque
650 1609 677 1664 in
693 1608 793 1665 limine
808 1618 928 1682 portus3

95 1710 198 1766 funere
213 1707 290 1764 felici
305 1707 432 1780 spolior.’
477 1706 543 1763 Nec
558 1707 640 1780 plura
654 1706 767 1764 locutus

95 1807 208 1881 saepsit
221 1823 252 1863 se
268 1805 352 1862 tectis
367 1789 521 1878 rerumque
536 1803 651 1878 reliquit
667 1804 805 1862 habenas.

138 1905 208 1962 Mos
223 1912 284 1960 erat
299 1902 446 1976 Hesperio
462 1902 491 1957 in
507 1901 600 1971 Latio,
617 1920 705 1976 quem
721 1903 852 1976 protinus
867 1902 953 1959 urbes

95 2003 229 2060 Albanae
245 1999 361 2057 coluere
376 2017 490 2056 sacrum
506 2017 585 2056 nunc
600 2000 727 2057 maxima
741 2018 836 2057 rerum

96 2102 198 2157 Roma
213 2098 291 2167 colit,
308 2115 375 2154 cum
390 2097 485 2171 prima
500 2106 619 2154 movent
634 2097 663 2154 in
678 2098 789 2172 proelia
805 2099 940 2167 Martem,

94 2199 157 2255 sive
173 2197 257 2254 Getis
271 2195 374 2252 inferre
390 2212 479 2251 manu
494 2194 670 2252 lacrimabile
685 2195 796 2253 bellum

74 2319 75 2322 ¹
96 2294 282 2370 Hyrcanisve
298 2292 434 2350 Arabisve
450 2302 553 2366 parant
567 2310 618 2349 seu
635 2293 755 2350 tendere
771 2293 809 2351 ad
827 2293 918 2352 Indos

95 2397 299 2465 Auroramque
315 2390 397 2464 sequi
411 2390 593 2469 l’arthosque
608 2409 763 2466 reposcere
778 2393 869 2466 signa.

94 2493 170 2550 Sunt
184 2489 319 2565 geminae
334 2486 401 2546 belli
416 2497 517 2562 portae
538 2487 595 2563 (sic
611 2489 731 2547 nomine
748 2489 864 2563 dicunt)

93 2588 236 2662 religione
252 2603 350 2666 sacrae
366 2595 395 2642 et
410 2585 489 2643 saevi
504 2584 659 2644 sonnidine
677 2588 797 2658 Martis3

95 2696 218 2744 centum
233 2683 309 2740 aerei
325 2682 466 2740 claudunt
481 2692 580 2740 vectes
596 2693 773 2759 aeternaque
789 2685 854 2743 ferri

94 2784 212 2851 robora,
227 2799 283 2838 nec
299 2790 396 2838 custos
411 2781 522 2838 absistit
537 2781 636 2839 limine
653 2784 760 2840 lanus:

94 2883 157 2951 has,
174 2879 224 2938 ubi
239 2889 317 2937 certa
331 2877 415 2936 sedet
430 2879 559 2952 patribus
574 2881 720 2937 sententia
734 2899 859 2957 pugnae,

93 2983 159 3054 ipse
175 2977 316 3051 Quirinali
331 2977 432 3034 trabea
448 2977 605 3052 cinctuque
621 2979 740 3038 Gabino

94 3075 216 3150 insignis
230 3083 338 3132 reserat
353 3073 504 3132 stridentia
520 3075 620 3132 limina
635 3079 747 3148 consul,

94 3176 159 3249 ipse
174 3184 261 3231 vocat
276 3191 406 3247 pugnas;
433 3175 562 3248 sequitur
577 3184 639 3231 tum
654 3185 752 3232 cetera
767 3175 869 3250 pubeS,

92 3290 240 3346 aereaque
256 3271 381 3328 adsensu
398 3273 566 3347 conspirant
580 3292 692 3330 cornua
705 3292 803 3331 rauco.

95 3373 169 3429 Hoc
184 3379 214 3426 et
228 3379 289 3426 tum
305 3368 451 3427 Aeneadis
469 3370 598 3429 indicere
614 3373 690 3429 bella
706 3374 825 3430 Latinus
883 3410 885 3413 -

93 3486 178 3527 more
193 3466 347 3525 iubebatur
360 3470 504 3545 tristisque
520 3469 671 3528 recludere
687 3480 793 3544 portas.

93 3567 244 3626 Abstinuit
258 3576 337 3624 tactu
352 3578 434 3643 pater
449 3585 624 3641 aversusque
639 3567 743 3641 refugit

94 3665 184 3724 foeda
199 3667 358 3725 ministeria
373 3677 402 3724 et
417 3667 512 3724 caecis
527 3684 558 3723 se
574 3664 707 3722 condidit
721 3665 839 3723 umbris.

94 3767 171 3823 Tum
187 3765 288 3840 regina
302 3763 392 3822 deum
407 3765 490 3821 caelo
505 3763 627 3838 delapsa
640 3765 778 3820 morantis

93 3862 210 3939 impulit
225 3862 288 3936 ipsa
302 3878 390 3919 manu
405 3871 511 3936 portas,
526 3871 556 3918 et
571 3860 690 3918 cardine
706 3878 787 3919 verse
