2742 4284
196 289 235 334 22
367 271 446 334 List
465 273 506 352 of
521 271 686 345 Nations;
713 271 898 354 Messapus,
922 273 1069 336 Sabinas.
1129 282 1249 345 [AEnmn.

194 457 341 514 instituere
358 457 451 530 pedis,
467 457 574 514 crudus
590 458 661 531 tegit
676 457 765 514 altera
779 475 860 532 pero,

234 557 271 611 At
287 556 449 628 Messapus,
466 572 574 628 equum
590 554 727 622 domitor,
744 555 895 628 Neptunia
909 556 1014 630 proles,

196 669 283 725 quem
300 670 396 726 neque
412 653 453 708 fas
469 653 527 725 igni
543 652 680 726 cuiquam
698 671 753 709 nec
768 662 896 709 sternere
912 653 995 721 serr0,

194 750 250 806 iarn
266 748 380 824 pridem
395 749 504 806 resides
520 752 645 824 populos
660 750 840 824 desuetaque
857 750 933 807 bello

193 848 310 922 agmina
324 847 353 903 in
367 865 447 904 arma
462 858 547 905 vocat
562 849 658 905 subito
673 849 839 921 ferrumque
854 857 1000 905 retractat.

195 944 237 1001 Hi
254 944 450 1001 Fescenninas
465 945 543 1002 acies
561 947 739 1020 Aequosque
756 945 895 1003 Faliscos.

196 1045 237 1101 Hi
252 1045 376 1102 Soractis
392 1044 501 1101 habent
516 1062 598 1101 arces
617 1044 804 1118 Flaviniaque
819 1063 886 1100 arva

193 1152 223 1199 et
237 1142 346 1200 Cimini
361 1161 428 1200 cum
444 1152 544 1199 monte
561 1143 657 1199 lacum
673 1142 812 1216 lucosque
828 1143 974 1217 Capenos

194 1240 281 1297 ibant
295 1239 410 1314 aequati
425 1258 547 1297 numero
562 1258 721 1315 regemque
736 1241 890 1310 canebant,

195 1356 249 1395 ceu
264 1337 415 1412 quondam
430 1339 505 1395 nivei
521 1338 631 1414 liquida
646 1340 720 1396 inter
734 1339 832 1396 nubila
847 1339 941 1413 cycni,

194 1455 262 1493 curn
277 1454 340 1494 sese
356 1454 372 1492 e
387 1447 470 1510 pastu
486 1437 613 1494 referunt
628 1446 656 1493 et
671 1438 759 1512 longa
773 1455 897 1494 canoros

195 1533 265 1591 dant
280 1551 332 1608 per
346 1533 420 1591 colla
435 1534 549 1605 modos,
566 1545 649 1592 sonat
664 1535 758 1592 amnis
773 1546 802 1592 et
817 1535 885 1590 Asia
901 1535 986 1608 longe

194 1633 276 1706 pulsa
290 1633 381 1706 palus.

196 1731 261 1787 Nec
276 1732 430 1806 qnisquam
444 1741 554 1789 aeratas
569 1733 648 1788 acies
664 1751 701 1788 ex
715 1732 831 1806 agmine
847 1739 928 1787 tanto

195 1829 309 1885 misceri
323 1837 414 1902 putet,
431 1829 537 1886 aeriam
553 1828 605 1886 sed
621 1830 732 1904 gurgite
748 1829 786 1887 ab
800 1829 858 1886 alto

195 1925 308 2000 urgueri
323 1927 474 1982 volucrum
488 1944 640 1984 raucarum
656 1927 694 1983 ad
709 1927 791 1985 litora
805 1927 923 1984 nubem.

237 2025 317 2080 Ecce
333 2025 504 2082 Sabinorum
520 2025 616 2098 prisco
632 2024 669 2082 de
686 2026 826 2099 sangnine
842 2043 980 2099 magnum

194 2140 299 2196 agmen
316 2141 404 2195 agens
421 2122 543 2180 Clausus
558 2123 714 2197 magnique
731 2123 793 2197 ipse
809 2123 933 2196 agminis
949 2104 1045 2191 instar,

195 2219 317 2278 Claudia
332 2238 410 2276 nunc
425 2238 515 2294 aquo
532 2219 703 2277 diffunditur
718 2231 747 2277 et
762 2221 852 2278 tribus
868 2230 897 2277 et
911 2239 982 2294 gens

195 2336 246 2393 per
262 2319 385 2387 Latium,
401 2327 557 2393 postquam
572 2319 601 2374 in
617 2329 729 2392 partem
746 2317 815 2375 data
830 2321 927 2375 Roma
941 2318 1061 2376 Sabinis.

195 2417 262 2474 Una
276 2417 378 2490 ingens
394 2417 543 2472 Amiterna
557 2417 662 2474 cohors
677 2417 822 2491 priscique
839 2417 974 2490 Quirites,

196 2514 276 2571 Ereti
291 2532 393 2571 manus
409 2515 503 2570 onmis
519 2515 724 2588 oliviferaeque
744 2516 898 2572 Mutuscae
911 2536 918 2584 ;

195 2611 243 2684 qui
260 2612 441 2669 Nomentum
456 2612 567 2681 urbem,
584 2613 634 2686 qui
649 2613 749 2669 Rosea
763 2631 828 2669 rura
841 2613 945 2681 Velini,
1032 2615 1034 2619 ’

195 2709 244 2782 qui
259 2709 391 2766 Tetricae
407 2709 547 2766 horrentis
563 2728 648 2784 rupes
665 2720 854 2785 montemque
869 2711 1006 2768 Severum
1058 2727 1069 2738 ·

195 2807 423 2881 Casperiamque
439 2807 539 2863 colunt
557 2808 735 2881 Forulosque
754 2818 782 2864 et
797 2807 906 2865 flumen
923 2808 1076 2877 Himellae,

195 2905 243 2977 qni
258 2905 388 2960 Tiberim
406 2905 596 2978 Fabarimque
613 2905 724 2974 bibunt,
742 2924 817 2978 quos
831 2905 935 2979 frigida
949 2906 1025 2962 misit

197 3002 311 3071 Nursia,
328 3011 357 3058 et
374 3004 516 3059 Hortinae
533 3003 638 3060 classes
656 3003 814 3077 populique
831 3003 934 3073 Latini,

195 3117 327 3174 quosque
343 3118 445 3158 secans
461 3101 616 3158 infaustum
634 3101 760 3158 interluit
777 3102 850 3158 Allia
864 3120 991 3159 nomen:

195 3215 283 3272 quam
299 3197 381 3254 multi
398 3199 507 3272 Libyco
522 3199 676 3255 volvuntur
691 3216 832 3255 marmore
848 3199 951 3256 fluctus

195 3313 297 3352 saevus
314 3295 362 3351 ubi
378 3296 469 3354 Orion
487 3297 612 3354 hibernis
629 3296 766 3353 conditur
781 3296 886 3366 undis;

195 3393 240 3450 vel
256 3412 321 3449 cum
338 3393 398 3451 sole
414 3413 491 3451 novo
507 3392 616 3450 densae
632 3403 777 3450 torrentur
791 3395 893 3451 aristae

195 3501 244 3548 aut
262 3492 365 3548 Hermi
381 3510 487 3565 campo
502 3502 550 3548 ant
567 3493 672 3566 Lyciae
690 3492 860 3550 flaventibus
875 3493 957 3549 arvis.

195 3591 283 3646 Scuta
298 3600 402 3647 sonant
416 3590 560 3664 pulsuque
576 3588 686 3663 pedum
704 3591 859 3646 conterrita
874 3591 966 3647 tellus.

224 3734 472 3780 ssa-roaasterros,1a,
521 3735 671 3793 6⁹9flumina.
695 3737 722 3780 R.
777 3735 811 3768 777
822 3737 903 3780 Rosia.
925 3737 954 3781 R.
1003 3736 1035 3769 717
1052 3739 1166 3794 Thybrim.
1187 3737 1220 3783 H.

398 3809 432 3843 ns
446 3811 550 3856 Ortinae.
571 3811 599 3855 R.
915 3809 948 3843 777
960 3811 1026 3856 Alia.
1049 3812 1076 3856 R.
