2742 4284
184 293 245 358 174
480 275 585 357 sum
607 241 749 357 oscam
778 274 953 336 Weatur„

181 461 315 520 dulcibus
329 461 359 518 in
374 460 482 536 stagnis
496 460 634 518 rimantur
648 468 731 534 prata
744 459 866 535 Caystri,

181 558 312 616 certatim
327 559 421 633 largos
436 557 542 616 umeris
558 556 711 614 infundere
726 575 824 614 rores:

180 674 260 715 nunc
274 665 363 732 caput
377 656 524 713 obiectare
539 655 626 726 fretis,
642 673 722 713 nunc
737 672 851 712 currere
867 655 897 712 in
911 653 1006 713 undas

181 765 210 812 et
225 752 322 812 studio
336 754 481 811 incassum
495 752 595 810 videas
610 752 714 826 gestire
729 751 854 811 lavandi.

181 854 257 911 Tum
272 851 373 909 cornix
386 851 474 926 plena
487 850 613 925 pluviam
629 859 716 907 vocat
731 850 864 924 improba
878 868 952 908 voce

181 961 210 1014 et
224 951 287 1008 sola
300 951 330 1006 in
344 950 423 1007 sicca
437 966 540 1006 secum
554 949 694 1023 spatiatur
708 966 805 1007 arena.

183 1050 229 1106 Ne
244 1057 386 1106 nocturna
401 1046 521 1122 quidem
536 1055 689 1122 carpentes
704 1064 797 1120 pensa
811 1047 924 1121 puellae

181 1147 330 1204 nescivere
345 1146 481 1216 hiemem,
497 1153 572 1202 testa
585 1163 652 1201 cum
667 1143 789 1202 ardente
803 1143 935 1202 viderent

182 1243 335 1302 scintillare
350 1243 448 1300 oleum
462 1252 492 1300 et
505 1242 596 1318 putris
612 1259 803 1300 concrescere
818 1242 932 1317 fungos.

222 1342 288 1399 Nec
302 1342 397 1400 minus
412 1360 448 1398 ex
462 1341 546 1398 imbri
561 1341 637 1398 soles
652 1351 681 1398 et
697 1351 798 1416 aperta
811 1358 913 1398 serena

182 1439 348 1515 prospicere
363 1448 393 1496 et
406 1438 491 1496 certis
506 1438 810 1512 poteris'cognoscere
825 1438 933 1512 siguis:

183 1556 251 1595 nam
265 1555 361 1612 neque
377 1547 438 1594 tum
454 1536 542 1594 stellis
556 1535 634 1594 acies
649 1536 755 1593 obtusa
769 1534 890 1607 videtur,

182 1654 238 1694 nec
252 1635 344 1692 fratris
358 1625 445 1692 radiis
460 1633 587 1692 obnoxia
602 1651 719 1708 surgere
735 1635 828 1705 Luna,

182 1734 281 1792 tenuia
294 1751 352 1790 nec
365 1733 448 1788 lanae
463 1749 515 1807 per
530 1731 643 1789 caelum
658 1731 765 1788 vellera
779 1732 862 1803 ferri3

183 1850 243 1889 non
254 1830 387 1906 tepidum
401 1829 440 1888 ad
454 1829 545 1887 solem
560 1829 665 1904 pinnas
680 1829 710 1887 in
724 1829 807 1887 litore
821 1828 957 1905 pandunt

183 1929 307 1996 dilectae
322 1927 440 1985 Thetidi
455 1928 601 2002 alcyones,
616 1946 678 1984 non
692 1913 743 1984 ore
758 1927 867 1984 solutos

184 2025 328 2085 immundi
342 2025 501 2083 meminere
516 2043 582 2082 sues
598 2025 705 2083 iactare
723 2024 876 2099 maniplos.

183 2127 222 2182 At
236 2123 360 2182 nebulae
375 2123 466 2197 magis
481 2123 540 2180 ima
553 2132 658 2197 petunt
672 2139 838 2197 campoque
853 2123 1040 2193 recumbunt,

184 2223 252 2280 solis
268 2233 296 2279 et
311 2240 450 2279 occasum
465 2239 582 2278 servans
597 2220 636 2279 de
651 2220 778 2278 culmine
793 2239 908 2278 summo

184 2320 362 2396 nequiquam
376 2337 456 2377 seros
470 2329 587 2378 exercet
601 2328 710 2376 noctua
724 2328 835 2375 cantus.

185 2421 316 2494 Apparet
330 2416 441 2492 liquido
456 2416 585 2474 sublimis
600 2416 630 2472 in
645 2415 712 2474 aere
727 2416 755 2472 N
758 2415 825 2486 isus,

185 2527 215 2574 et
229 2534 282 2592 pro
297 2533 443 2592 purpureo
457 2533 568 2590 poenas
584 2513 634 2571 dat
650 2513 744 2588 Scylla
757 2513 883 2588 capillo:

186 2631 376 2690 quacumque¹
387 2612 433 2670 illa
448 2613 542 2669 levem
557 2611 669 2686 fugiens
685 2620 766 2668 secat
780 2610 899 2668 aethera
913 2611 1019 2686 pinnis,

186 2730 258 2770 ecce
273 2711 407 2769 inimicus
421 2721 504 2768 atrox
520 2727 628 2784 magno
642 2707 765 2767 stridore
780 2726 833 2783 per
848 2728 930 2766 auras
957 2744 961 2752 ·

187 2810 346 2884 insequitur
360 2795 449 2866 Nisus
462 2829 469 2880 3
492 2811 549 2882 qua
563 2825 594 2865 se
609 2807 662 2864 fert
678 2806 768 2864 Nisus
783 2805 822 2864 ad
836 2824 928 2877 auras,

187 2909 237 2966 illa
250 2907 343 2964 levem
358 2907 472 2981 fugiens
486 2906 590 2980 raptim
606 2914 686 2962 secat
702 2903 821 2962 aethera
834 2904 947 2978 pennis.

187 3007 263 3064 Tum
278 3003 402 3080 liquidas
417 3005 496 3061 corvi
510 3022 611 3079 presso
626 3013 669 3060 ter
684 3011 798 3077 gutture
814 3019 902 3060 voces

188 3113 238 3160 aut
251 3112 354 3178 quater
367 3103 556 3176 ingeminant,
572 3112 601 3158 et
615 3117 703 3175 saepe
719 3099 863 3158 cubilibus
879 3099 941 3157 altis
977 3151 985 3166 ,

188 3201 289 3258 nescio
304 3219 362 3274 qua
377 3209 491 3274 praeter
505 3199 621 3256 solitum
636 3197 794 3256 dulcedine
809 3198 875 3255 laeti

188 3299 263 3356 inter
277 3315 308 3354 se
323 3297 352 3353 in
367 3296 441 3353 loliis
455 3295 605 3371 strepitant
617 3317 624 3366 3
647 3297 725 3352 iuvat
739 3295 879 3353 imbribus
894 3295 966 3353 actis

189 3396 360 3473 progeniem
375 3411 494 3469 parvam
510 3391 661 3468 dulcisque
676 3394 799 3451 revisere
814 3392 919 3451 nidos:

190 3492 271 3552 haud
286 3491 424 3567 equidem
439 3490 539 3563 credo,
555 3492 623 3566 quia
637 3492 673 3549 sit
687 3491 824 3549 divinitus
840 3491 894 3549 illis

190 3591 340 3666 ingenium
355 3599 404 3646 aut
418 3608 513 3646 rerum
528 3589 587 3646 sato
602 3589 757 3663 prudentia
772 3589 883 3660 maior3

190 3707 292 3747 verum
307 3686 358 3745 ubi
371 3696 531 3761 tempestas
546 3697 575 3744 et
589 3686 663 3743 caeli
678 3685 793 3744 mobilis
808 3704 893 3743 umor

392 3815 522 3860 8⁹⁶obtusa.
538 3814 567 3860 R.
664 3850 668 3856 .
765 3813 799 3846 ⁴⁰⁸
809 3815 975 3872 nequr'dquam.
991 3815 1048 3859 Eds.

1077 282 1234 346 [Grormcs.
