2742 4284
156 279 213 340 168
281 277 411 340 Vermin
435 276 570 340 Trouble
588 277 660 339 and
674 276 775 338 Seeds
790 276 1001 358 Degenerate.
1049 288 1205 348 [enormes

149 466 226 524 Area
241 482 309 521 cum
323 462 422 538 primis
437 462 547 538 ingenti
561 461 717 538 aequanda
731 460 862 538 cylindro

151 571 179 619 et
193 560 334 620 vertenda
349 579 436 618 manu
452 569 480 617 et
495 570 574 617 creta
589 558 742 618 solidanda
756 561 861 630 tenaci,
879 621 882 627 ,

150 676 188 717 ne
202 658 326 718 subeant
340 658 446 716 herbae
462 675 519 716 neu
534 657 651 733 pulvere
667 657 743 715 victa
756 658 878 727 fatiscat,

150 766 212 815 tum
227 757 321 814 variae
336 755 470 814 inludant
483 765 598 832 pestes:
622 773 710 830 saepe
725 755 844 830 exiguus
859 773 923 812 mus

151 854 205 912 sub
219 854 301 912 terris
315 854 470 930 posuitque
486 852 592 911 domos
606 863 695 927 atque
703 852 813 910 horrea
825 853 904 922 fecit,

151 962 201 1010 aut
215 952 307 1010 oculis
322 953 400 1027 capti
416 950 516 1010 fodere
531 951 638 1009 cubilia
652 951 756 1026 talpae,

151 1051 342 1124 inventusque
358 1050 435 1107 cavis
449 1049 520 1108 bufo
535 1059 564 1106 et
578 1066 654 1124 quae
669 1048 793 1124 plurima
806 1059 898 1107 terrae

151 1156 280 1206 monstra
293 1149 396 1219 ferunt,
412 1147 590 1223 populatque
606 1147 755 1222 ingentem
768 1147 848 1204 farris
862 1165 999 1205 acervum

152 1246 281 1305 curculio
296 1255 382 1320 atque
398 1246 478 1321 inopi
494 1255 627 1302 metuens
641 1244 763 1302 formica
776 1254 924 1304 senectae.

152 1343 374 1419 Contemplator
389 1344 468 1415 item,
484 1361 552 1401 cum
566 1362 626 1401 nux
639 1361 670 1400 se
686 1342 808 1417 plurima
821 1343 897 1400 silvis

152 1440 254 1499 induet
267 1441 297 1498 in
312 1439 413 1498 florem
428 1450 457 1498 et
471 1459 568 1498 ramos
584 1440 714 1498 curvabit
729 1440 843 1498 olentis.

152 1540 180 1599 Si
195 1549 332 1616 superant
346 1540 429 1610 fetus,
445 1539 551 1614 pariter
565 1540 709 1598 frumenta
723 1548 890 1614 sequentur,

151 1655 316 1712 magnaque
332 1655 400 1694 cum
416 1655 522 1712 magno
536 1637 634 1695 veniet
648 1639 747 1696 tritura
761 1637 856 1693 calore
867 1657 876 1708 ;

151 1743 180 1793 at
195 1735 219 1792 si
232 1734 342 1792 luxuria
357 1734 492 1791 foliorum
507 1736 644 1793 exuberat
659 1737 771 1805 umbra,

151 1833 331 1908 nequiquam
345 1832 461 1907 pinguis
475 1832 560 1907 palea
574 1842 647 1890 teret
661 1851 728 1890 area
743 1833 866 1891 culmos.

152 1931 269 1989 Semina
282 1929 342 1988 vidi
357 1929 496 2004 equidem
511 1931 616 1990 multos
632 1931 779 1989 medicare
794 1941 932 2004 serentes,

152 2039 181 2086 et
196 2029 271 2086 nitro
284 2028 363 2103 prius
378 2038 407 2084 et
422 2028 503 2103 nigra
516 2028 691 2104 perfundere
706 2047 833 2100 amurca,

152 2125 288 2202 grandior
303 2134 333 2183 ut
348 2125 422 2183 fetus
437 2126 546 2201 siliquis
561 2126 711 2186 fallacibus
726 2136 811 2200 esset,

153 2233 182 2281 et
196 2223 328 2298 quamvis
343 2223 402 2298 igni
416 2223 523 2299 exiguo
537 2234 693 2299 properata
707 2224 868 2284 maderent.

152 2321 221 2380 Vidi
235 2322 311 2380 lecta
325 2320 376 2380 diu
391 2332 420 2380 et
434 2322 526 2379 multo
541 2331 671 2397 spectata
685 2322 783 2382 labore

153 2419 330 2496 degenerare
345 2428 452 2490 tamen,
468 2420 554 2477 nivis
569 2421 698 2478 humana
712 2421 867 2495 quotannis

154 2519 281 2576 maxima
294 2535 429 2593 quaeque
445 2537 532 2576 manu
546 2518 664 2594 legeret.
707 2519 755 2577 Sic
769 2518 870 2576 omnia
883 2519 947 2577 fatis

153 2617 182 2675 in
198 2617 280 2693 peius
295 2634 377 2674 ruere
393 2635 428 2673 ac
442 2625 519 2673 retro
534 2616 670 2691 sublapsa
684 2616 791 2687 referri,

153 2732 214 2772 non
228 2714 310 2772 aliter
324 2732 411 2789 quarn
427 2713 477 2788 qui
491 2713 613 2771 adverso
628 2713 676 2771 vix
690 2713 807 2772 flumine
823 2714 952 2772 lembum

153 2811 279 2886 remigiis
294 2811 408 2886 subigit,
425 2811 448 2868 si
463 2810 600 2869 bracchia
614 2812 688 2869 forte
703 2811 822 2882 remisit,

154 2920 241 2985 atque
256 2909 336 2968 illurn
352 2927 493 2985 praeceps
507 2926 601 2989 prono
616 2909 691 2985 rapit
704 2909 802 2967 alveus
816 2910 904 2967 amni.

195 3009 347 3066 Praeterea
361 3017 420 3066 tam
436 3017 502 3066 sunt
516 3007 629 3065 Arcturi
644 3006 740 3064 sidera
752 3007 837 3065 nobis

155 3105 387 3181 Haedorumque
402 3105 465 3163 dies
481 3104 613 3163 servandi
627 3114 657 3163 et
670 3104 784 3162 lucidus
798 3106 917 3180 Anguis,

154 3222 243 3280 quam
257 3204 362 3279 quibus
376 3205 407 3262 in
421 3204 543 3280 patriam
557 3214 678 3261 ventosa
692 3221 745 3278 per
758 3221 886 3279 aequora
898 3204 990 3262 vectis

155 3311 262 3378 pontus
277 3310 306 3360 et
319 3302 441 3360 ostriferi
456 3303 554 3360 fauces
568 3311 747 3378 temptantur
760 3301 866 3378 Abydi.

155 3401 242 3459 Libra
255 3398 303 3459 die
318 3401 471 3476 somnique
486 3418 569 3476 pares
584 3400 633 3457 ubi
648 3400 749 3458 fecerit
764 3400 857 3471 horas,

155 3508 184 3556 et
199 3498 330 3557 medium
344 3498 401 3556 luci
416 3508 502 3572 atque
517 3497 626 3556 umbris
641 3498 699 3556 iam
713 3497 817 3556 dividit
830 3498 951 3558 orbem:

155 3605 298 3668 exercete,
313 3596 374 3668 viri,
390 3607 496 3668 tauros,
512 3596 596 3654 serite
613 3595 725 3654 hordea
739 3597 850 3671 campis

155 3711 247 3769 usque
262 3693 316 3751 sub
330 3702 493 3752 extremum
507 3693 627 3751 brumae
641 3693 828 3752 intractabilis
843 3693 986 3768 imbrem;

154 3808 285 3848 necnon
300 3801 329 3848 et
344 3791 393 3849 lini
408 3799 537 3866 segetem
553 3800 582 3848 et
597 3791 718 3849 Cereale
733 3810 860 3867 papaver
