2742 4284
153 303 189 352 11.
202 304 273 369 327.]
378 295 495 358 Modes
516 297 589 358 and
613 295 723 359 Times
746 297 787 378 os
803 296 976 380 Plauting.

153 479 338 538 convellunt:
361 480 483 538 immota
498 491 605 552 manet,
622 481 786 556 multosque
802 493 935 557 nepotes,

153 578 244 636 multa
257 578 351 635 virum
365 577 484 636 volvens
499 576 635 636 durando
649 579 767 636 saecula
781 579 879 638 vincit.

152 675 230 733 Tum
244 675 325 733 fortis
339 676 395 733 late
410 694 507 733 ramos
523 686 552 734 et
566 676 705 734 bracchia
718 676 853 752 pandens

152 773 212 832 huc
227 774 293 831 illuc
309 773 407 831 media
421 774 484 849 ipsa
498 775 647 849 ingentem
662 775 787 833 sustinet
800 777 941 834 umbram.

195 873 277 930 Neve
292 872 343 930 tibi
358 871 396 929 ad
411 873 503 930 solem
518 882 637 947 vergant
651 873 749 930 vineta
763 873 930 944 cadentem,

151 989 227 1030 neve
241 970 316 1027 inter
329 969 393 1027 vitis
407 969 539 1046 corylum
554 987 627 1040 sere,
642 988 717 1028 neve
731 970 846 1046 flagella

151 1085 268 1126 summa
281 1077 348 1142 pete
363 1077 413 1125 aut
426 1086 542 1126 summa
556 1067 687 1142 defringe
702 1087 741 1126 ex
753 1070 856 1128 arbore
871 1070 993 1145 plantas,

151 1175 249 1223 tantus
264 1184 345 1222 amor
360 1175 460 1236 terrae,
476 1184 535 1224 neu
550 1167 624 1223 ferro
640 1165 724 1225 laede
738 1177 837 1224 retuso

153 1263 275 1333 semina,
291 1281 363 1320 neve
378 1264 443 1332 olea
457 1263 591 1322 silvestris
607 1265 701 1321 insere
715 1273 851 1323 truncos:

152 1380 222 1419 nam
236 1379 323 1436 saepe
339 1361 461 1418 incautis
477 1361 642 1436 pastoribus
658 1362 768 1420 excidit
782 1363 866 1438 ignis,

153 1460 203 1534 qui
217 1460 313 1516 surtim
329 1459 429 1534 pingui
444 1460 569 1534 primum
584 1460 639 1517 sub
653 1460 763 1517 cortice
779 1471 873 1520 tectus

152 1556 258 1615 robora
272 1556 467 1631 comprendit,
484 1555 661 1632 frondesque
677 1558 793 1633 elapsus
807 1559 836 1616 in
852 1559 923 1617 altas

153 1655 303 1730 ingentem
318 1654 400 1712 caelo
416 1655 544 1712 sonitum
559 1653 661 1726 dedit,
683 1654 753 1712 inde
768 1666 887 1714 secutus

152 1771 206 1828 per
219 1770 315 1810 ramos
330 1753 422 1810 victor
435 1770 546 1828 perque
561 1753 620 1810 alta
633 1753 790 1811 cacumina
803 1764 914 1828 regnat,

153 1860 183 1908 et
197 1860 291 1908 totum
305 1850 423 1908 involvit
438 1850 562 1908 flammis
577 1870 681 1910 nemus
696 1861 726 1909 et
739 1852 796 1909 ruit
809 1861 902 1910 atram

153 1947 193 2006 ad
206 1948 320 2006 caelum
335 1949 420 2023 picea
435 1967 548 2006 crassus
563 1950 686 2024 caligine
702 1950 822 2021 nubem,

152 2047 323 2122 praesertim
337 2047 361 2103 si
377 2056 536 2121 tempestas
551 2065 568 2104 a
583 2047 692 2105 vertice
707 2048 782 2105 silvis

153 2147 293 2219 incubuit,
308 2148 507 2223 glomeratque
523 2147 617 2206 ferens
632 2147 770 2205 incendia
783 2159 897 2208 ventus.

155 2247 226 2304 Hoc
240 2245 300 2316 ubi,
315 2263 375 2302 non
392 2264 409 2302 a
423 2246 511 2320 stirpe
526 2246 623 2303 valent
638 2263 801 2321 caesaeque
816 2247 919 2304 reverti

152 2353 276 2420 possunt
290 2352 378 2417 atque
393 2344 452 2400 ima
467 2344 574 2401 similes
589 2344 764 2401 revirescere
779 2354 862 2401 terra.

153 2441 259 2500 Infelix
273 2450 389 2516 superat
404 2440 478 2499 soliis
493 2441 617 2499 oleaster
631 2442 745 2499 amaris.

194 2539 261 2596 Nec
275 2539 327 2596 tibi
342 2548 402 2596 tam
418 2538 548 2614 prudens
563 2541 719 2613 quisquam
734 2539 909 2614 persuadeat
923 2551 1024 2599 auctor

151 2638 283 2695 tellurem
298 2637 391 2694 Borea
406 2637 530 2712 rigidam
548 2637 675 2711 spirante
691 2638 810 2695 moveri.

153 2737 233 2793 Rura
247 2735 313 2810 gelu
328 2745 390 2792 tum
405 2734 515 2792 claudit
532 2735 654 2810 hiemps,
671 2753 729 2792 nec
744 2736 855 2792 semine
870 2736 948 2794 iacto

152 2841 322 2890 concretam
337 2832 444 2906 patitur
459 2832 589 2889 radicem
607 2832 735 2908 adfigere
750 2843 851 2891 terrae.

152 2931 273 3006 Optima
286 2930 391 2988 vinetis
405 2931 488 3000 sati0,
506 2951 574 2988 cum
588 2949 656 2988 vere
671 2932 788 2989 rubenti

152 3026 280 3086 candida
293 3027 373 3112 venit
387 3029 446 3085 avis
462 3028 555 3104 longis
571 3029 663 3086 invisa
677 3029 813 3102 colubris,

151 3126 245 3202 prima
260 3126 305 3183 vel
319 3126 451 3183 autumni
465 3127 521 3184 sub
535 3126 648 3202 frigora,
664 3146 732 3185 cum
747 3128 866 3203 rapidus
880 3128 929 3187 Sol

151 3223 284 3282 nondum
301 3224 428 3282 hiemem
444 3227 587 3302 contingit
604 3226 695 3300 equis,
712 3227 770 3284 iam
785 3227 921 3302 praeterit
935 3237 1037 3286 aestas.

151 3322 210 3380 Ver
224 3321 301 3379 adeo
316 3321 411 3380 frondi
426 3342 588 3396 nemorum,
605 3343 654 3381 ver
668 3325 737 3382 utile
752 3325 847 3397 silvis3

100 3490 103 3496 Ι
151 3437 219 3478 vere
233 3428 346 3477 tument
361 3430 452 3479 terrae
469 3432 498 3479 et
512 3420 649 3497 genitalia
663 3423 777 3481 semina
790 3432 925 3499 poscunt.

151 3518 228 3576 Tum
242 3527 325 3594 pater
338 3520 526 3595 omnipotens
542 3520 675 3578 fecundis
690 3521 829 3579 imbribus
844 3521 944 3579 aether

152 3616 284 3693 coniugis
298 3617 328 3676 in
343 3617 485 3693 gremium
500 3618 592 3676 laetae
608 3617 773 3689 descendit,
789 3629 818 3676 et
831 3619 927 3677 omnis

152 3733 274 3790 magnus
289 3715 340 3774 alit
353 3729 460 3790 magno
477 3717 652 3774 commixtus
667 3734 792 3791 corpore
807 3717 891 3775 setus.

382 3843 525 3892 ⁸⁰1retanso.
542 3847 570 3891 R.
751 3845 785 3879 ³¹⁸
795 3850 933 3892 concretum.
950 3846 978 3891 R.
