2742 4284
178 289 237 352 190
334 273 446 335 Fruits
468 273 541 335 and
570 273 681 336 Woods
703 274 800 335 Need
819 275 901 336 Less
926 274 1015 339 Care.
1071 285 1223 349 [Gnoacrcs

215 459 267 514 nst
282 459 430 516 etiamne
445 459 526 516 rabor
541 458 677 518 curandis
692 460 798 518 vuinus
813 438 893 532 anei,

172 555 220 612 cui
233 573 394 630 numquam
410 556 541 614 exhausti
556 557 625 614 satis
640 566 702 614 est:
725 576 853 632 namque
867 577 956 616 omne
971 561 1128 635 quotannis

171 663 272 728 terque
287 664 447 728 quaterque
462 655 556 712 solum
571 655 767 713 scindendum
783 656 926 732 glebaque
941 659 1029 716 versis

170 761 321 809 aeternum
335 751 496 825 frangenda
510 752 686 824 bidentibus,
703 771 792 810 omne
807 755 963 813 levandum

169 848 272 906 fronde
286 867 399 906 nemus
443 848 532 906 Redit
547 850 680 924 agricolis
696 850 776 908 labor
790 861 872 909 actus
888 852 917 909 in
933 853 1043 924 orbem,

169 955 256 1020 atque
272 947 301 1003 in
316 964 346 1002 se
362 965 414 1003 sua
428 964 480 1021 per
493 947 614 1022 vestigia
628 948 751 1006 volvitur
764 967 866 1006 annus,

168 1046 212 1100 Ac
227 1044 284 1100 iam
299 1043 377 1114 olim,
393 1061 470 1101 seras
485 1045 582 1119 posuit
597 1063 665 1102 cum
680 1045 767 1102 vinea
781 1046 910 1117 frondes,

167 1139 287 1214 frigidus
302 1150 331 1197 et
345 1141 421 1198 silvis
438 1142 545 1216 Aquilo
560 1141 690 1200 decussit
705 1143 856 1215 honorem,

168 1239 225 1295 iam
240 1247 302 1295 tum
317 1256 385 1295 acer
399 1221 481 1295 curas
496 1239 663 1296 venientem
678 1240 810 1298 extendit
824 1241 854 1298 in
869 1261 978 1300 annum

167 1336 298 1407 rusticus,
314 1346 344 1393 et
358 1355 446 1394 curvo
462 1337 575 1394 Saturni
590 1337 679 1394 dente
695 1339 827 1396 relictam

166 1434 349 1508 persequitur
363 1434 452 1491 vitem
467 1433 624 1492 attondens
639 1435 779 1510 fingitque
794 1437 936 1511 putando.

167 1532 278 1589 Primus
295 1532 416 1589 humum
430 1531 533 1602 fodito,
549 1532 659 1606 primus
674 1532 799 1590 devecta
812 1546 942 1593 cremato

166 1639 319 1700 sarmenta,
335 1639 364 1686 et
378 1629 467 1687 vallos
481 1629 591 1704 primus
607 1631 660 1688 sub
674 1641 753 1688 tecta
766 1632 871 1689 referto
883 1654 891 1703 ς

165 1737 329 1802 postremus
344 1728 455 1785 metito.
499 1728 547 1784 Bis
562 1727 665 1785 vitibus
680 1728 785 1804 ingruit
800 1730 912 1801 umbra,

164 1825 208 1884 bis
223 1836 354 1900 segetem
369 1825 468 1882 densis
482 1824 636 1882 obducunt
651 1826 781 1884 sentibus
796 1827 921 1899 herbae,

164 1922 252 1981 durus
267 1933 388 1996 uterque
403 1922 500 1980 labor:
524 1922 642 1979 laudato
657 1923 787 1997 ingentia
800 1944 872 1995 rura,

164 2021 299 2095 exiguum
311 2021 408 2078 colito.
453 2022 518 2077 Nec
534 2039 594 2078 non
609 2021 698 2078 etiam
712 2040 815 2097 aspera
828 2024 904 2081 rusci

163 2119 271 2176 vimina
284 2136 336 2193 per
350 2119 450 2176 silvam
465 2129 493 2176 et
508 2119 576 2194 ripis
591 2118 711 2176 fluvialis
726 2120 840 2178 arundo

163 2215 302 2287 caeditur,
317 2216 477 2291 incultique
494 2227 611 2274 exercet
626 2235 696 2274 cura
710 2218 811 2276 salicti.

163 2315 227 2372 Iarn
241 2314 356 2371 vinctae
371 2315 452 2385 vites,
467 2315 525 2371 iam
540 2313 645 2372 falcem
660 2317 776 2373 arbusta
790 2327 944 2391 reponunt,

161 2412 219 2469 iarn
234 2413 312 2469 canit
327 2411 447 2469 effectos
463 2422 608 2470 extremus
623 2414 729 2471 vinitor
742 2424 842 2472 antes:

161 2510 342 2568 sollicitanda
357 2520 454 2568 tamen
470 2510 553 2567 tellus
567 2510 720 2585 pulvisque
736 2512 907 2583 movendus,

160 2618 190 2666 et
204 2609 262 2666 iam
278 2609 396 2665 maturis
412 2607 588 2666 metuendus
605 2610 738 2683 Iuppiter
752 2610 823 2666 uvis.

200 2706 311 2764 Contra
324 2703 384 2763 non
399 2706 456 2763 ulla
471 2716 514 2763 est
529 2706 600 2763 oleis
613 2707 740 2764 cultura:
764 2726 860 2782 neque
874 2710 938 2766 illae

159 2822 332 2879 procurvam
347 2813 519 2884 exspectant
533 2804 637 2861 falcem
653 2816 818 2879 rastrosque
833 2806 954 2877 tenaciS,

62 2971 67 2980 ι
159 2921 226 2960 cum
241 2903 332 2960 semel
348 2902 503 2959 haeserunt
518 2903 591 2960 arvis
606 2921 748 2977 aurasque
763 2904 909 2973 tulerunt;

158 3001 220 3075 ipsa
234 3000 302 3058 satis
317 2997 409 3070 telluS,
427 3018 493 3057 curn
510 3000 598 3057 dente
613 2999 770 3058 recluditur
785 3020 871 3071 unc0‚

157 3098 263 3156 sufficit
277 3117 410 3156 umorem
425 3108 454 3157 et
468 3097 610 3172 gravidas,
627 3117 695 3156 cum
709 3118 837 3170 vomere,
852 3099 956 3175 fruges.

158 3197 228 3253 Hoc
242 3197 381 3271 pinguem
397 3206 426 3253 et
441 3196 578 3270 placitam
596 3197 665 3277 Paci
680 3197 802 3254 nutritor
816 3197 930 3254 olivam.

198 3296 290 3352 Poma
304 3312 431 3369 quoque,
448 3303 480 3350 ut
494 3293 620 3368 primum
636 3303 755 3350 truncos
769 3312 885 3351 sensere
900 3295 1022 3352 valentis

156 3401 185 3450 et
199 3392 264 3449 viris
279 3391 406 3450 habuere
422 3411 497 3462 suas,
514 3390 552 3448 ad
567 3390 662 3448 sidera
675 3391 780 3466 raptim

155 3491 184 3547 vi
197 3490 313 3564 propria
328 3490 457 3547 nituntur
472 3490 596 3564 opisque
614 3487 693 3546 haud
708 3488 807 3564 indiga
820 3500 944 3547 nostrae.

156 3589 222 3645 Nec
237 3589 331 3646 minus
347 3589 458 3646 interea
472 3589 531 3646 fetu
547 3606 650 3646 nemus
665 3606 754 3646 omne
768 3589 919 3662 gravescit,

155 3689 380 3764 sanguineisque
397 3689 506 3746 inculta
519 3689 624 3747 rubent
640 3689 746 3746 aviaria
760 3689 849 3748 bacis.

153 3786 329 3845 Tondentur
343 3786 435 3861 cytisi,
451 3786 552 3844 taedas
567 3786 636 3844 silva
650 3787 707 3844 alta
721 3786 870 3857 ministrat,
