2742 4284
222 349 263 396 20
549 333 634 416 They
657 334 760 417 Forge
785 335 945 413 Weapons.

221 517 287 576 belli
302 518 421 578 serratos
436 520 544 595 rumpit
559 520 691 580 Saturnia
705 528 813 596 postes.

220 613 311 674 Ardet
326 616 452 674 inexcita
466 618 595 676 Ausonia
608 626 697 692 atque
711 617 867 677 immobilis
881 627 969 690 ante3

221 714 289 772 Pars
302 712 395 789 pedes
410 715 450 772 ire
465 726 546 790 parat
561 715 682 791 campis,
698 733 763 790 pars
777 714 884 774 arduus
897 716 961 774 altis

219 812 435 886 pulverulentus
450 814 533 887 equis
549 814 614 871 furit
626 834 632 883 ;
655 831 758 871 omnes
772 831 853 870 arma
866 814 1024 889 requirunt.
1230 815 1272 872 ⁶⁰3

222 911 288 966 Pars
303 909 372 968 levis
388 910 497 985 clipeos
512 920 542 968 et
560 911 672 986 spicula
685 910 784 969 lucida
798 921 910 986 tergent

219 1008 317 1066 arvina
330 1008 430 1082 pingui
446 1008 640 1084 subiguntque
655 1009 685 1065 in
701 1019 768 1066 cote
782 1026 918 1081 secures;

219 1107 359 1181 signaque
374 1108 447 1164 ferre
463 1107 540 1164 iuvat
554 1109 724 1183 sonitusque
739 1107 838 1166 audire
852 1109 995 1167 tubarum.

220 1205 359 1279 Quinque
374 1204 450 1263 adeo
466 1224 589 1281 magnae
605 1207 706 1281 positis
722 1205 876 1265 incudibus
891 1207 976 1265 urbes

219 1303 277 1360 tela
292 1311 408 1374 novant,
423 1303 513 1361 Atina
526 1314 632 1378 potens
647 1304 795 1379 Tiburque
810 1305 977 1380 superbum,
1118 1287 1203 1386 Ass
1231 1304 1274 1360 ⁶30

218 1399 315 1457 Ardea
329 1400 566 1476 Crustumerique
582 1413 611 1459 et
625 1403 780 1476 turrigerae
794 1405 969 1460 Antemnae.
1135 1398 1142 1414 ⁹

217 1498 362 1573 Tegmina
375 1507 437 1556 tuta
452 1509 557 1557 cavant
572 1501 702 1575 capitum
716 1499 895 1575 flectuntque
910 1501 1034 1576 salignas

218 1597 380 1654 umbonum
395 1599 500 1670 cratis;
523 1598 568 1655 alii
585 1598 718 1656 thoracas
733 1598 823 1656 aenos

217 1704 266 1752 aut
281 1696 350 1752 levis
365 1714 466 1753 ocreas
482 1681 561 1753 lento
577 1695 689 1754 ducunt
704 1706 844 1771 argent0;

217 1793 342 1850 vomeris
357 1793 415 1849 huc
430 1803 458 1850 et
473 1793 553 1850 salcis
569 1793 672 1862 honos,
691 1795 747 1851 huc
763 1795 859 1852 omnis
874 1786 957 1852 aratri

218 1891 304 1947 cessit
319 1908 419 1963 amor;
441 1901 604 1966 recoquunt
620 1892 728 1966 patrios
743 1892 908 1950 fornacibus
922 1911 1016 1950 enses.

218 1988 347 2046 Classica
362 1989 477 2064 iamque
492 2001 616 2060 sonant;
639 1990 660 2046 it
674 1989 752 2047 bello
768 1999 876 2047 tessera
889 1990 1013 2065 signum.

220 2087 278 2143 Hic
293 2087 405 2160 galeam
422 2088 505 2145 tectis
520 2087 649 2162 trepidus
665 2088 747 2162 rapit,
763 2088 809 2146 ille
825 2088 973 2145 frementis

217 2183 255 2241 ad
271 2185 337 2260 iuga
352 2187 430 2260 cogit
445 2204 536 2260 equos
552 2186 738 2261 clipeumque
754 2204 883 2261 auroque
898 2187 1020 2244 trilicem

217 2281 336 2339 loricam
351 2281 479 2339 induitur
494 2282 613 2358 fidoque
628 2284 789 2358 accingitur
805 2302 886 2342 ense.

259 2379 380 2437 Pandite
396 2399 475 2437 nunc
492 2382 647 2452 Helicona,
663 2381 748 2453 deae,
765 2394 926 2458 cantusque
943 2393 1068 2462 movete,

217 2478 266 2551 qui
281 2477 357 2534 bello
373 2479 458 2535 exciti
473 2497 565 2554 reges,
581 2498 655 2554 quae
671 2498 818 2554 quemque
835 2491 953 2538 secutae

218 2575 390 2650 complerint
404 2595 527 2652 campos
541 2578 630 2648 acies,
646 2577 751 2652 quibus
769 2579 841 2635 Itala
855 2579 913 2636 iam
927 2589 989 2637 tum
1042 2654 1046 2662 Ι

217 2671 344 2730 floruerit
358 2684 432 2731 terra
447 2676 523 2732 alma
538 2676 611 2747 viriS,
627 2677 733 2751 quibus
748 2677 848 2734 arserit
862 2678 957 2735 armis.

216 2771 254 2829 Et
266 2772 437 2830 meministis
450 2772 537 2843 enim,
548 2773 642 2844 divae,
658 2784 687 2830 et
703 2791 865 2833 memorare
880 2775 1021 2850 potestis:

217 2868 255 2926 ad
270 2887 324 2926 nos
339 2870 386 2926 vix
400 2871 494 2928 tenuis
510 2871 603 2930 famae
620 2872 776 2946 perlabitur
792 2891 869 2930 aura.

260 2967 370 3025 Primus
386 2968 436 3026 init
453 2969 560 3027 bellum
574 2969 731 3045 Tyrrhenis
747 2989 832 3044 asper
846 2971 883 3029 ab
898 2972 954 3029 oris
1044 3019 1049 3027 .

218 3074 404 3140 contemptor
418 3065 519 3125 divom
535 3069 699 3127 Mezentius
713 3068 888 3143 agminaque
903 3078 1003 3127 armat.

220 3161 307 3219 Filius
322 3162 390 3220 huic
405 3164 483 3221 iuxta
499 3165 617 3236 Lausus,
633 3185 693 3240 quo
708 3166 855 3241 pulchrior
869 3166 940 3222 alter

218 3278 278 3318 non
293 3260 345 3318 fuit
359 3271 484 3336 excepto
500 3264 650 3320 Laurentis
665 3282 788 3338 corpore
802 3265 901 3330 Turni,

219 3359 339 3430 Lausus
355 3377 463 3434 equum
479 3359 606 3418 domitor
620 3360 839 3436 debellatorque
854 3362 987 3431 ferarum,

219 3455 299 3513 ducit
316 3458 446 3532 Agyllina
461 3459 637 3533 nequiquam
654 3479 691 3516 ex
705 3461 776 3518 urbe
791 3470 907 3517 secutos

220 3554 296 3611 mille
311 3555 395 3626 viros
411 3555 525 3631 dignus,
541 3558 638 3631 patriis
653 3559 703 3632 qui
717 3558 819 3615 laetior
832 3569 909 3614 esset

219 3652 346 3727 imperiis
362 3663 391 3710 et
405 3654 452 3710 cui
466 3664 549 3728 pater
564 3654 641 3712 haud
658 3656 822 3713 Mezentius
837 3665 923 3713 esset.

260 3751 329 3808 Post
344 3750 397 3808 hos
413 3751 555 3825 insignem
570 3752 667 3826 palma
680 3771 733 3828 per
746 3754 876 3828 gramina
891 3773 1007 3812 currum

344 3877 457 3935 fflrupit.
481 3880 512 3924 H.
628 3879 801 3927 matrerm.
823 3884 851 3927 R.
967 3882 1081 3926 mecum.
1104 3881 1131 3925 R.
