2742 4284
154 263 176 323 6
457 259 620 342 Embassy
644 273 675 324 to
698 262 752 324 tlte
773 262 902 325 Latius.

154 446 216 521 ipse
231 466 320 506 manu
335 447 469 522 quatiens
483 446 611 506 ostendit
627 448 665 505 ab
679 447 796 505 aethere
810 447 929 507 nubem.

155 543 273 602 Diditur
287 545 335 603 hic
350 545 446 604 subito
461 546 589 603 'l'roiana
601 563 655 620 per
667 546 785 620 agmina
798 563 898 603 rumor

153 641 307 701 advenisse
322 642 411 714 diem,
426 661 486 718 quo
501 643 601 702 debita
615 643 733 701 moenia
746 642 886 702 condant.

154 741 295 800 Certatim
310 741 470 799 instaurant
484 741 584 816 epulas
598 750 686 816 atque
701 741 800 798 omine
816 759 924 817 magno

152 849 277 898 crateras
293 839 360 896 laeti
374 847 503 897 statuunt
517 848 547 896 et
561 839 627 896 vina
642 850 794 897 coronant.

194 939 313 996 Postera
328 955 395 994 cum
410 936 504 1012 prima
518 936 656 994 lustrabat
670 936 806 1012 lampade
822 947 911 996 terras

152 1045 215 1093 orta
229 1035 301 1108 dies,
317 1035 419 1093 urbem
434 1044 463 1092 et
478 1035 543 1094 finis
558 1044 587 1093 et
603 1035 686 1093 litora
701 1037 795 1110 gentis

152 1134 257 1192 diversi
272 1133 440 1208 explorant:
465 1133 538 1190 haec
553 1133 640 1191 fontis
656 1144 759 1210 stagna
774 1135 902 1205 Numici,

153 1231 231 1288 hunc
245 1230 385 1307 Thybrim
397 1231 527 1302 fluvium,
544 1230 591 1288 hic
606 1232 688 1304 fortis
703 1232 831 1290 habitare
848 1233 975 1290 Latinos.

151 1330 228 1387 Tum
243 1338 321 1388 satus
335 1328 464 1386 Anchisa
478 1328 610 1386 delectos
626 1330 730 1388 ordine
745 1331 783 1388 ab
796 1331 877 1388 omni

152 1435 271 1484 centurn
286 1436 414 1485 oratores
429 1437 551 1502 augusta
566 1427 604 1485 ad
621 1429 739 1486 moenia
753 1430 827 1503 regis

151 1525 191 1582 ire
206 1525 296 1597 iubet,
310 1526 396 1584 ramis
412 1526 522 1584 velatos
538 1525 663 1584 Palladis
677 1527 782 1597 omnis,

151 1622 288 1697 donaque
303 1624 376 1682 ferre
391 1625 452 1682 viro
467 1643 632 1700 pacemque
649 1643 809 1700 exposcere
823 1624 953 1682 Teucris

152 1720 243 1778 Haud
260 1740 349 1793 mora,
365 1723 502 1779 festinant
517 1723 584 1780 iussi
600 1722 766 1797 rapidisque
781 1723 909 1779 seruntur

150 1818 291 1894 passibus,
335 1821 403 1894 Ipse
419 1819 521 1876 humili
537 1819 670 1894 designat
686 1822 803 1878 moenia
817 1821 894 1878 fossa

150 1917 324 1991 moliturque
340 1917 438 1973 locum
453 1917 619 1992 primasque
638 1919 667 1975 in
681 1918 763 1975 litore
778 1917 864 1976 sedes

150 2024 309 2072 castrorum
323 2015 353 2070 in
369 2033 480 2072 rnorem
497 2015 593 2089 pinnis
609 2025 696 2091 atque
711 2034 815 2091 aggere
831 2016 931 2090 cingit.

151 2114 273 2186 Iamque
287 2112 341 2169 iter
355 2113 466 2170 emensi
482 2114 565 2171 turris
581 2133 615 2170 ac
630 2123 710 2171 tecta
725 2114 895 2172 Latinorum

149 2210 241 2267 ardua
255 2210 417 2285 cernebant
428 2210 547 2268 iuvenes
563 2230 705 2285 muroque
720 2212 864 2269 subibant.

149 2310 225 2365 Ante
239 2308 341 2365 urbem
356 2307 438 2382 pueri
453 2318 483 2365 et
497 2309 646 2383 primaevo
661 2309 730 2366 flore
746 2309 878 2366 iuventus

149 2416 321 2465 exercentur
335 2406 416 2480 equis
431 2405 635 2482 domitantque
651 2407 680 2464 in
695 2406 811 2482 pulvere
826 2425 926 2464 currus

148 2514 198 2564 aut
213 2505 286 2562 acris
301 2504 425 2563 tendunt
441 2524 524 2563 arcus
538 2514 588 2563 aut
603 2505 681 2562 lenta
697 2505 810 2562 lacertis

148 2603 259 2678 spicula
273 2613 469 2678 contorquent
485 2595 629 2677 cursuque
645 2604 763 2678 ictuque
779 2603 941 2659 lacessunt:

149 2721 216 2760 cum
230 2710 401 2776 praevectus
416 2720 493 2777 equo
510 2703 642 2777 longaevi
657 2702 732 2776 regis
746 2700 784 2758 ad
803 2700 877 2758 auris

148 2801 264 2858 nuntius
280 2803 403 2877 ingentis
419 2803 520 2876 ignota
536 2801 564 2856 in
579 2809 659 2857 veste
674 2808 802 2874 reportat

147 2901 299 2960 advenisse
314 2902 399 2958 viros,
444 2901 495 2958 Ille
511 2900 583 2956 intra
598 2906 676 2955 tecta
691 2898 788 2954 vocari

81 3075 82 3078 Ἴ
148 3001 270 3074 imperat
285 2998 314 3057 e't
328 2999 401 3057 solio
416 2998 530 3056 medius
546 2995 681 3055 consedit
695 2996 782 3052 avito.

147 3099 271 3155 Tectum
287 3107 440 3172 augustum
455 3096 566 3172 ingens,
583 3105 703 3152 centurn
719 3092 842 3150 sublime
857 3090 1012 3163 columnis,

146 3197 215 3254 urbe
231 3196 283 3254 fuit
297 3213 420 3266 summa,
437 3194 588 3252 Laurentis
602 3193 682 3268 regia
697 3192 768 3261 Pici,

145 3293 323 3352 horrendum
338 3294 414 3352 silvis
429 3303 458 3351 et
472 3292 610 3368 religione
625 3299 787 3366 parentum.

147 3393 207 3450 Hic
222 3401 336 3467 sceptra
351 3392 484 3466 accipere
501 3401 529 3448 et
544 3390 653 3466 primos
667 3389 797 3447 attollere
813 3387 906 3444 fasces

144 3490 259 3564 regibus
273 3507 362 3547 omen
378 3498 447 3560 erat,
463 3489 520 3546 hoc
535 3488 588 3545 illis
603 3487 682 3544 curia
695 3485 848 3561 templum,

145 3587 200 3645 hae
215 3588 303 3645 sacris
317 3587 403 3645 sedes
418 3587 519 3662 epulis,
536 3585 583 3642 hic
598 3585 686 3642 ariete
703 3601 791 3642 caeso

144 3684 293 3761 perpetuis
306 3685 383 3743 soliti
396 3694 494 3759 patres
509 3682 663 3741 considere
678 3682 797 3740 mensis.

316 3813 348 3848 rto
359 3813 369 3846 τ
381 3813 502 3858 Brackets,
519 3813 547 3858 R,
671 3810 705 3843 1⁵⁰
715 3811 779 3854 haut.
801 3810 829 3854 R.
840 3810 888 3852 and
899 3809 1023 3866 regularly.

1083 271 1208 335 [AEurrrn
