2742 4284
156 309 219 370 216
397 305 514 370 Others
536 305 631 368 Must
656 306 745 387 Sing
764 306 804 386 of
823 305 979 367 Gardens.
1054 312 1211 375 [Gaoncrcs.

155 494 292 569 Namque
307 493 362 552 sub
377 493 517 552 Oebaliae
532 491 654 550 memini
668 509 716 549 me
731 491 854 549 turribus
868 491 951 561 arcis,

155 609 212 666 qua
226 591 309 667 niger
322 601 451 650 umectat
465 590 600 650 flaventia
614 592 691 648 culta
705 589 855 659 Galaesus,

155 689 313 764 Corycium
327 687 433 747 vidisse
448 707 559 760 senem,
576 689 622 746 cui
637 705 734 763 pauca
745 686 837 744 relicti

154 786 253 861 iugera
265 787 336 844 ruris
352 796 442 857 erant,
458 804 513 844 nec
529 785 628 843 fertilis
642 785 690 842 illa
704 785 832 842 iuvencis

154 903 210 944 nec
225 885 325 960 pecori
340 893 508 959 opportuna
521 901 605 959 seges
619 901 676 940 nec
691 881 851 940 commoda
864 883 993 940 Baccho.

157 983 216 1040 Hic
231 1001 326 1040 rarum
340 992 438 1039 tamen
453 982 482 1039 in
499 981 595 1040 dumis
610 981 695 1038 holus
707 968 831 1055 albaque
845 980 957 1037 circum

155 1080 213 1138 lilia
226 1082 425 1154 verbenasque
441 1097 579 1154 premens
594 1096 772 1152 vescumque
787 1096 915 1153 papaver

155 1197 255 1253 regum
270 1179 415 1252 aequabat
429 1195 501 1252 opes
516 1176 628 1247 animis,
644 1193 765 1250 seraque
780 1185 926 1233 revertens

155 1285 243 1334 nocte
258 1274 381 1333 domum
396 1273 521 1349 dapibus
536 1292 651 1331 mensas
666 1274 806 1332 onerabat
819 1274 980 1349 inemptis·

156 1374 267 1432 Primus
281 1391 348 1431 vere
363 1391 460 1431 rosam
475 1381 562 1447 atque
577 1381 719 1430 autumno
734 1390 853 1447 carpere
868 1390 966 1447 poma,

156 1482 185 1530 et
199 1491 267 1530 cum
281 1471 367 1529 tristis
383 1471 496 1544 hiemps
512 1470 673 1528 etiamnum
688 1470 792 1546 frigore
807 1488 877 1527 saxa

155 1579 302 1644 rumperet
316 1579 345 1626 et
359 1569 452 1644 glacie
470 1586 569 1625 cursus
584 1568 709 1625 frenaret
723 1585 872 1642 aquarum,

155 1667 201 1726 ille
216 1686 333 1725 comam
348 1666 441 1724 mollis
455 1666 514 1724 iam
529 1665 670 1724 tondebat
685 1665 833 1741 hyacinthi

155 1774 295 1824 aestatem
309 1764 487 1839 increpitans
502 1781 596 1821 seram
610 1764 818 1838 Zephyrosque
833 1764 980 1821 morantis

157 1864 236 1938 Ergo
250 1863 353 1938 apibus
368 1862 432 1919 setis
448 1861 529 1919 idern
544 1871 631 1936 atque
647 1861 780 1919 examine
795 1862 887 1919 multo

156 1962 265 2036 primus
280 1959 428 2018 abundare
443 1969 473 2017 et
488 1959 655 2034 spumantia
669 1977 775 2034 cogere
791 1959 897 2034 pressis

156 2058 242 2115 mella
256 2058 343 2114 savis:
367 2057 407 2114 illi
421 2057 498 2114 tiliae
514 2067 601 2140 atque
616 2057 762 2115 uberrima
775 2057 870 2131 pinus,

157 2163 285 2229 quotque
300 2155 330 2211 in
345 2153 414 2212 flore
429 2173 507 2212 novo
522 2155 618 2228 pomis
632 2173 664 2212 se
678 2154 777 2211 fertilis
791 2155 877 2212 arbos

156 2252 297 2324 induerat,
312 2252 439 2310 totidem
452 2263 593 2310 autumno
608 2260 721 2310 matura
734 2254 863 2310 tenebat.

156 2351 209 2408 Ille
224 2351 312 2408 etiarn
326 2369 404 2408 seras
418 2351 447 2407 in
461 2368 576 2407 versum
591 2349 700 2408 distulit
714 2351 808 2408 ulmos

156 2448 335 2523 eduramque
349 2449 445 2524 pirum
460 2457 489 2506 et
505 2447 603 2522 spinos
619 2448 676 2505 iam
691 2466 785 2522 pruna
798 2449 916 2506 serentis

156 2548 272 2623 iamque
287 2547 499 2604 ministrantem
515 2546 664 2620 platanum
678 2545 847 2619 potantibus
861 2547 987 2605 umbras.

155 2646 265 2702 Verum
279 2643 352 2702 haec
368 2645 429 2719 ipse
445 2642 585 2719 equidem
599 2643 699 2717 spatiis
714 2643 848 2700 exclusus
863 2644 968 2718 iniquis

112 2735 120 2748 ‘
156 2752 306 2816 praetereo
321 2753 409 2817 atque
424 2742 486 2799 aliis
501 2751 568 2816 post
584 2760 631 2799 me
646 2741 839 2800 memoranda
852 2742 994 2816 relinquo.
1048 2762 1054 2772 ·

197 2841 286 2897 Nunc
300 2858 364 2915 age,
376 2849 491 2897 naturas
506 2840 608 2914 apibus
624 2857 695 2913 quas
711 2840 844 2914 Iuppiter
858 2840 920 2913 ipse

156 2937 279 3009 addidit,
294 2935 460 3012 expediam,
476 2955 529 3011 pro
545 2955 603 3012 qua
617 2937 755 2995 mercede
773 2955 897 2995 canoros

157 3037 296 3095 Curetum
311 3035 422 3093 sonitus
439 3035 669 3110 crepitantiaque
685 3054 753 3092 aera
768 3045 888 3093 secutae

156 3134 282 3191 Dictaeo
297 3133 370 3191 caeli
385 3151 485 3208 regem
500 3150 606 3207 pavere
621 3132 676 3190 sub
691 3141 783 3190 antro.

156 3233 238 3290 Solae
253 3232 418 3289 communis
433 3240 526 3302 natoS,
542 3231 690 3288 consortia
703 3240 782 3288 tecta

155 3331 232 3387 urbis
247 3329 365 3401 habent,
382 3330 553 3405 magnisque
568 3329 676 3404 agitant
691 3330 745 3386 sub
759 3329 871 3404 legibus
886 3347 998 3401 aevum,

156 3437 185 3485 et
200 3428 322 3503 patriam
337 3408 460 3486 solae'et
476 3436 571 3485 certos
586 3444 694 3484 novere
710 3427 845 3498 Penatis;

155 3536 353 3603 venturaeque
368 3527 472 3585 hiemis
486 3543 631 3584 memores
647 3533 757 3582 aestate
772 3525 901 3583 laborem

156 3625 342 3700 experiuntur
356 3635 384 3683 et
398 3625 428 3683 in
444 3624 574 3682 medium
588 3623 720 3699 quaesita
732 3633 887 3698 reponunt.

157 3723 293 3797 Namque
308 3723 380 3781 aliae
395 3723 473 3780 victu
486 3722 635 3796 invigilant
649 3731 679 3780 et
693 3719 811 3810 foedere
826 3730 914 3794 pacto

299 3850 406 3896 12⁵altis.
422 3852 478 3896 Eds.
582 3850 614 3883 129
629 3852 717 3896 Cereri.
734 3851 762 3896 R.
863 3849 993 3898 manime.
1009 3851 1066 3898 Fris.
1156 3897 1161 3904 ,

1169 498 1212 543 125
