<?xml version="1.0" encoding="UTF-8"?>
<!DOCTYPE html PUBLIC "-//W3C//DTD XHTML 1.0 Transitional//EN"
    "http://www.w3.org/TR/xhtml1/DTD/xhtml1-transitional.dtd">
<html xmlns="http://www.w3.org/1999/xhtml" xml:lang="en" lang="en">
 <head>
  <title>
</title>
<meta http-equiv="Content-Type" content="text/html;charset=utf-8" />
  <meta name='ocr-system' content='tesseract 3.04.00' />
  <meta name='ocr-capabilities' content='ocr_page ocr_carea ocr_par ocr_line ocrx_word'/>
</head>
<body>
  <div class='ocr_page' id='page_1' title='image "./greaterpoemsvir03virggoog_0056.png"; bbox 0 0 2742 4284; ppageno 0'>
   <div class='ocr_carea' id='block_1_1' title="bbox 201 321 1005 402">
    <p class='ocr_par' dir='ltr' id='par_1_1' title="bbox 201 321 1005 402">
     <span class='ocr_line' id='line_1_1' title="bbox 201 321 1005 402; baseline -0.002 -18"><span class='ocrx_word' id='word_1_1' title='bbox 201 335 242 401; x_wconf 84' lang='lat'>50</span> <span class='ocrx_word' id='word_1_2' title='bbox 439 321 570 382; x_wconf 85' lang='lat' dir='ltr'>Turnus</span> <span class='ocrx_word' id='word_1_3' title='bbox 592 321 776 384; x_wconf 80' lang='lat' dir='ltr'>Addresscr</span> <span class='ocrx_word' id='word_1_4' title='bbox 798 321 852 382; x_wconf 81' lang='lat' dir='ltr'>lris</span> <span class='ocrx_word' id='word_1_5' title='bbox 880 321 1005 402; x_wconf 76' lang='lat' dir='ltr'>TroopS.</span> 
     </span>
    </p>
   </div>
   <div class='ocr_carea' id='block_1_2' title="bbox 200 507 1028 2151">
    <p class='ocr_par' dir='ltr' id='par_1_2' title="bbox 200 507 1028 2151">
     <span class='ocr_line' id='line_1_2' title="bbox 200 507 907 582; baseline -0.001 -17"><span class='ocrx_word' id='word_1_6' title='bbox 200 507 321 578; x_wconf 85' lang='lat' dir='ltr'>sustulit,</span> <span class='ocrx_word' id='word_1_7' title='bbox 337 524 372 564; x_wconf 89' lang='lat' dir='ltr'>ac</span> <span class='ocrx_word' id='word_1_8' title='bbox 386 507 435 564; x_wconf 91' lang='lat' dir='ltr'>tali</span> <span class='ocrx_word' id='word_1_9' title='bbox 449 507 609 582; x_wconf 82' lang='lat' dir='ltr'>fugientem</span> <span class='ocrx_word' id='word_1_10' title='bbox 624 516 668 565; x_wconf 92' lang='lat' dir='ltr'>est</span> <span class='ocrx_word' id='word_1_11' title='bbox 681 525 756 564; x_wconf 91' lang='lat' dir='ltr'>voce</span> <span class='ocrx_word' id='word_1_12' title='bbox 771 517 907 564; x_wconf 88' lang='lat' dir='ltr'>secutus:</span> 
     </span>
     <span class='ocr_line' id='line_1_3' title="bbox 201 603 930 680; baseline 0.001 -19"><span class='ocrx_word' id='word_1_13' title='bbox 201 608 208 632; x_wconf 88' lang='lat'>‘</span> <span class='ocrx_word' id='word_1_14' title='bbox 220 605 268 675; x_wconf 91' lang='lat' dir='ltr'>Iri,</span> <span class='ocrx_word' id='word_1_15' title='bbox 283 603 375 662; x_wconf 92' lang='lat' dir='ltr'>decus</span> <span class='ocrx_word' id='word_1_16' title='bbox 389 605 471 676; x_wconf 90' lang='lat' dir='ltr'>caeli,</span> <span class='ocrx_word' id='word_1_17' title='bbox 486 606 550 680; x_wconf 90' lang='lat' dir='ltr'>quis</span> <span class='ocrx_word' id='word_1_18' title='bbox 564 613 593 662; x_wconf 92' lang='lat' dir='ltr'>te</span> <span class='ocrx_word' id='word_1_19' title='bbox 608 604 679 661; x_wconf 93' lang='lat' dir='ltr'>mihi</span> <span class='ocrx_word' id='word_1_20' title='bbox 694 604 820 662; x_wconf 90' lang='lat' dir='ltr'>nubibus</span> <span class='ocrx_word' id='word_1_21' title='bbox 834 614 930 662; x_wconf 89' lang='lat' dir='ltr'>actam</span> 
     </span>
     <span class='ocr_line' id='line_1_4' title="bbox 201 699 989 777; baseline 0.001 -19"><span class='ocrx_word' id='word_1_22' title='bbox 201 699 305 760; x_wconf 86' lang='lat' dir='ltr'>detulit</span> <span class='ocrx_word' id='word_1_23' title='bbox 317 702 348 758; x_wconf 92' lang='lat' dir='ltr'>in</span> <span class='ocrx_word' id='word_1_24' title='bbox 362 703 472 760; x_wconf 83' lang='lat' dir='ltr'>terras?</span> <span class='ocrx_word' id='word_1_25' title='bbox 513 701 601 761; x_wconf 87' lang='lat' dir='ltr'><strong>Unde</strong></span> <span class='ocrx_word' id='word_1_26' title='bbox 617 703 691 759; x_wconf 89' lang='lat' dir='ltr'>haec</span> <span class='ocrx_word' id='word_1_27' title='bbox 702 713 762 759; x_wconf 90' lang='lat' dir='ltr'>tam</span> <span class='ocrx_word' id='word_1_28' title='bbox 777 703 855 758; x_wconf 88' lang='lat' dir='ltr'>clara</span> <span class='ocrx_word' id='word_1_29' title='bbox 867 713 989 777; x_wconf 91' lang='lat' dir='ltr'>repente</span> 
     </span>
     <span class='ocr_line' id='line_1_5' title="bbox 202 799 954 874; baseline 0.001 -18"><span class='ocrx_word' id='word_1_30' title='bbox 202 799 380 874; x_wconf 86' lang='lat' dir='ltr'>tempestas?</span> <span class='ocrx_word' id='word_1_31' title='bbox 421 800 556 857; x_wconf 88' lang='lat' dir='ltr'>Medium</span> <span class='ocrx_word' id='word_1_32' title='bbox 569 800 656 857; x_wconf 92' lang='lat' dir='ltr'>video</span> <span class='ocrx_word' id='word_1_33' title='bbox 671 799 824 858; x_wconf 85' lang='lat' dir='ltr'>discedere</span> <span class='ocrx_word' id='word_1_34' title='bbox 840 800 954 858; x_wconf 88' lang='lat' dir='ltr'>caelum</span> 
     </span>
     <span class='ocr_line' id='line_1_6' title="bbox 203 898 961 973; baseline 0.003 -19"><span class='ocrx_word' id='word_1_35' title='bbox 203 898 383 973; x_wconf 86' lang='lat' dir='ltr'>palantisque</span> <span class='ocrx_word' id='word_1_36' title='bbox 399 898 469 972; x_wconf 91' lang='lat' dir='ltr'>polo</span> <span class='ocrx_word' id='word_1_37' title='bbox 484 898 589 956; x_wconf 87' lang='lat' dir='ltr'>stellas.</span> <span class='ocrx_word' id='word_1_38' title='bbox 632 899 745 972; x_wconf 91' lang='lat' dir='ltr'>Sequor</span> <span class='ocrx_word' id='word_1_39' title='bbox 759 900 859 956; x_wconf 91' lang='lat' dir='ltr'>omina</span> <span class='ocrx_word' id='word_1_40' title='bbox 872 909 961 970; x_wconf 86' lang='lat' dir='ltr'>tanta,</span> 
     </span>
     <span class='ocr_line' id='line_1_7' title="bbox 204 995 1028 1070; baseline 0.002 -18"><span class='ocrx_word' id='word_1_41' title='bbox 204 995 333 1070; x_wconf 91' lang='lat' dir='ltr'>quisquis</span> <span class='ocrx_word' id='word_1_42' title='bbox 348 996 377 1052; x_wconf 90' lang='lat' dir='ltr'>in</span> <span class='ocrx_word' id='word_1_43' title='bbox 392 1014 471 1052; x_wconf 91' lang='lat' dir='ltr'>arma</span> <span class='ocrx_word' id='word_1_44' title='bbox 485 998 592 1053; x_wconf 67' lang='lat' dir='ltr'>vocas!</span> <span class='ocrx_word' id='word_1_45' title='bbox 637 997 674 1053; x_wconf 90' lang='lat' dir='ltr'>Et</span> <span class='ocrx_word' id='word_1_46' title='bbox 689 997 731 1054; x_wconf 91' lang='lat' dir='ltr'>sic</span> <span class='ocrx_word' id='word_1_47' title='bbox 747 997 849 1054; x_wconf 81' lang='lat' dir='ltr'>effatus</span> <span class='ocrx_word' id='word_1_48' title='bbox 864 996 904 1054; x_wconf 90' lang='lat' dir='ltr'>ad</span> <span class='ocrx_word' id='word_1_49' title='bbox 916 996 1028 1054; x_wconf 90' lang='lat' dir='ltr'>undam</span> 
     </span>
     <span class='ocr_line' id='line_1_8' title="bbox 203 1094 977 1170; baseline -0.001 -17"><span class='ocrx_word' id='word_1_50' title='bbox 203 1095 344 1170; x_wconf 88' lang='lat' dir='ltr'>processit</span> <span class='ocrx_word' id='word_1_51' title='bbox 358 1112 531 1168; x_wconf 90' lang='lat' dir='ltr'>summoque</span> <span class='ocrx_word' id='word_1_52' title='bbox 547 1094 641 1151; x_wconf 88' lang='lat' dir='ltr'>hausit</span> <span class='ocrx_word' id='word_1_53' title='bbox 656 1094 694 1152; x_wconf 93' lang='lat' dir='ltr'>de</span> <span class='ocrx_word' id='word_1_54' title='bbox 708 1096 820 1170; x_wconf 88' lang='lat' dir='ltr'>gurgite</span> <span class='ocrx_word' id='word_1_55' title='bbox 834 1095 977 1170; x_wconf 86' lang='lat' dir='ltr'>lymphas,</span> 
     </span>
     <span class='ocr_line' id='line_1_9' title="bbox 205 1192 923 1268; baseline -0.001 -17"><span class='ocrx_word' id='word_1_56' title='bbox 205 1195 295 1252; x_wconf 90' lang='lat' dir='ltr'>multa</span> <span class='ocrx_word' id='word_1_57' title='bbox 308 1192 381 1251; x_wconf 90' lang='lat' dir='ltr'>deos</span> <span class='ocrx_word' id='word_1_58' title='bbox 396 1211 490 1264; x_wconf 83' lang='lat' dir='ltr'>orans,</span> <span class='ocrx_word' id='word_1_59' title='bbox 505 1193 694 1268; x_wconf 86' lang='lat' dir='ltr'>oneravitque</span> <span class='ocrx_word' id='word_1_60' title='bbox 709 1192 827 1250; x_wconf 87' lang='lat' dir='ltr'>aethera</span> <span class='ocrx_word' id='word_1_61' title='bbox 840 1194 923 1251; x_wconf 90' lang='lat' dir='ltr'>votis.</span> 
     </span>
     <span class='ocr_line' id='line_1_10' title="bbox 246 1292 965 1366; baseline -0.003 -16"><span class='ocrx_word' id='word_1_62' title='bbox 246 1294 367 1366; x_wconf 89' lang='lat' dir='ltr'>Iamque</span> <span class='ocrx_word' id='word_1_63' title='bbox 382 1292 477 1348; x_wconf 88' lang='lat' dir='ltr'>omnis</span> <span class='ocrx_word' id='word_1_64' title='bbox 492 1292 603 1366; x_wconf 91' lang='lat' dir='ltr'>campis</span> <span class='ocrx_word' id='word_1_65' title='bbox 619 1293 763 1348; x_wconf 86' lang='lat' dir='ltr'>exercitus</span> <span class='ocrx_word' id='word_1_66' title='bbox 777 1293 836 1348; x_wconf 88' lang='lat' dir='ltr'>ibat</span> <span class='ocrx_word' id='word_1_67' title='bbox 851 1293 965 1366; x_wconf 86' lang='lat' dir='ltr'>apertis,</span> 
     </span>
     <span class='ocr_line' id='line_1_11' title="bbox 204 1388 858 1464; baseline -0.005 -16"><span class='ocrx_word' id='word_1_68' title='bbox 204 1391 285 1448; x_wconf 87' lang='lat' dir='ltr'>dives</span> <span class='ocrx_word' id='word_1_69' title='bbox 300 1407 418 1464; x_wconf 91' lang='lat' dir='ltr'>equum,</span> <span class='ocrx_word' id='word_1_70' title='bbox 434 1388 514 1446; x_wconf 92' lang='lat' dir='ltr'>dives</span> <span class='ocrx_word' id='word_1_71' title='bbox 529 1389 618 1464; x_wconf 90' lang='lat' dir='ltr'>pictai</span> <span class='ocrx_word' id='word_1_72' title='bbox 632 1390 720 1446; x_wconf 89' lang='lat' dir='ltr'>vestis</span> <span class='ocrx_word' id='word_1_73' title='bbox 735 1399 765 1447; x_wconf 92' lang='lat' dir='ltr'>et</span> <span class='ocrx_word' id='word_1_74' title='bbox 778 1389 858 1461; x_wconf 76' lang='lat' dir='ltr'>auri3</span> 
     </span>
     <span class='ocr_line' id='line_1_12' title="bbox 205 1487 896 1564; baseline -0.007 -17"><span class='ocrx_word' id='word_1_75' title='bbox 205 1492 359 1564; x_wconf 85' lang='lat' dir='ltr'>Messapus</span> <span class='ocrx_word' id='word_1_76' title='bbox 373 1487 479 1562; x_wconf 87' lang='lat' dir='ltr'>primas</span> <span class='ocrx_word' id='word_1_77' title='bbox 493 1488 580 1558; x_wconf 86' lang='lat' dir='ltr'>acies,</span> <span class='ocrx_word' id='word_1_78' title='bbox 596 1498 744 1562; x_wconf 89' lang='lat' dir='ltr'>postrema</span> <span class='ocrx_word' id='word_1_79' title='bbox 758 1497 896 1545; x_wconf 89' lang='lat' dir='ltr'>coercent</span> 
     </span>
     <span class='ocr_line' id='line_1_13' title="bbox 206 1584 970 1663; baseline -0.005 -18"><span class='ocrx_word' id='word_1_80' title='bbox 206 1586 365 1663; x_wconf 86' lang='lat' dir='ltr'>Tyrrhidae</span> <span class='ocrx_word' id='word_1_81' title='bbox 381 1586 509 1656; x_wconf 78' lang='lat' dir='ltr'>iuveneS,</span> <span class='ocrx_word' id='word_1_82' title='bbox 525 1584 624 1643; x_wconf 87' lang='lat' dir='ltr'>medio</span> <span class='ocrx_word' id='word_1_83' title='bbox 640 1584 702 1643; x_wconf 86' lang='lat' dir='ltr'>dux</span> <span class='ocrx_word' id='word_1_84' title='bbox 713 1586 830 1660; x_wconf 89' lang='lat' dir='ltr'>agmine</span> <span class='ocrx_word' id='word_1_85' title='bbox 845 1587 970 1654; x_wconf 88' lang='lat' dir='ltr'>Tnmus,</span> 
     </span>
     <span class='ocr_line' id='line_1_14' title="bbox 205 1682 881 1759; baseline -0.003 -17"><span class='ocrx_word' id='word_1_86' title='bbox 205 1705 260 1742; x_wconf 89' lang='lat' dir='ltr'>ceu</span> <span class='ocrx_word' id='word_1_87' title='bbox 276 1694 389 1759; x_wconf 89' lang='lat' dir='ltr'>septem</span> <span class='ocrx_word' id='word_1_88' title='bbox 403 1701 523 1757; x_wconf 89' lang='lat' dir='ltr'>surgens</span> <span class='ocrx_word' id='word_1_89' title='bbox 537 1682 644 1740; x_wconf 90' lang='lat' dir='ltr'>sedatis</span> <span class='ocrx_word' id='word_1_90' title='bbox 659 1683 794 1740; x_wconf 91' lang='lat' dir='ltr'>amnibus</span> <span class='ocrx_word' id='word_1_91' title='bbox 808 1683 881 1740; x_wconf 90' lang='lat' dir='ltr'>altus</span> 
     </span>
     <span class='ocr_line' id='line_1_15' title="bbox 205 1780 935 1859; baseline -0.004 -18"><span class='ocrx_word' id='word_1_92' title='bbox 205 1802 258 1859; x_wconf 91' lang='lat' dir='ltr'>per</span> <span class='ocrx_word' id='word_1_93' title='bbox 271 1783 390 1839; x_wconf 88' lang='lat' dir='ltr'>tacitum</span> <span class='ocrx_word' id='word_1_94' title='bbox 406 1783 524 1855; x_wconf 86' lang='lat' dir='ltr'>Ganges</span> <span class='ocrx_word' id='word_1_95' title='bbox 538 1789 588 1838; x_wconf 88' lang='lat' dir='ltr'>aut</span> <span class='ocrx_word' id='word_1_96' title='bbox 602 1782 703 1856; x_wconf 90' lang='lat' dir='ltr'>pingui</span> <span class='ocrx_word' id='word_1_97' title='bbox 718 1780 836 1838; x_wconf 90' lang='lat' dir='ltr'>flumine</span> <span class='ocrx_word' id='word_1_98' title='bbox 852 1782 935 1838; x_wconf 91' lang='lat' dir='ltr'>Nilus</span> 
     </span>
     <span class='ocr_line' id='line_1_16' title="bbox 207 1877 926 1952; baseline -0.004 -14"><span class='ocrx_word' id='word_1_99' title='bbox 207 1899 274 1938; x_wconf 91' lang='lat' dir='ltr'>cum</span> <span class='ocrx_word' id='word_1_100' title='bbox 289 1879 382 1936; x_wconf 92' lang='lat' dir='ltr'>refluit</span> <span class='ocrx_word' id='word_1_101' title='bbox 397 1879 507 1952; x_wconf 89' lang='lat' dir='ltr'>campis</span> <span class='ocrx_word' id='word_1_102' title='bbox 523 1889 551 1936; x_wconf 90' lang='lat' dir='ltr'>et</span> <span class='ocrx_word' id='word_1_103' title='bbox 565 1880 623 1936; x_wconf 90' lang='lat' dir='ltr'>iam</span> <span class='ocrx_word' id='word_1_104' title='bbox 639 1897 669 1936; x_wconf 88' lang='lat' dir='ltr'>se</span> <span class='ocrx_word' id='word_1_105' title='bbox 686 1877 821 1936; x_wconf 90' lang='lat' dir='ltr'>condidit</span> <span class='ocrx_word' id='word_1_106' title='bbox 834 1879 926 1938; x_wconf 87' lang='lat' dir='ltr'>alveo.</span> 
     </span>
     <span class='ocr_line' id='line_1_17' title="bbox 208 1976 925 2051; baseline -0.001 -16"><span class='ocrx_word' id='word_1_107' title='bbox 208 1979 269 2035; x_wconf 91' lang='lat' dir='ltr'>Hic</span> <span class='ocrx_word' id='word_1_108' title='bbox 280 1977 405 2035; x_wconf 90' lang='lat' dir='ltr'>subitam</span> <span class='ocrx_word' id='word_1_109' title='bbox 419 1977 502 2050; x_wconf 87' lang='lat' dir='ltr'>nigro</span> <span class='ocrx_word' id='word_1_110' title='bbox 516 1976 668 2051; x_wconf 87' lang='lat' dir='ltr'>glomerari</span> <span class='ocrx_word' id='word_1_111' title='bbox 682 1977 800 2050; x_wconf 91' lang='lat' dir='ltr'>pulvere</span> <span class='ocrx_word' id='word_1_112' title='bbox 815 1978 925 2034; x_wconf 92' lang='lat' dir='ltr'>nubem</span> 
     </span>
     <span class='ocr_line' id='line_1_18' title="bbox 206 2075 1001 2151; baseline -0.004 -18"><span class='ocrx_word' id='word_1_113' title='bbox 206 2075 387 2151; x_wconf 89' lang='lat' dir='ltr'>prospiciunt</span> <span class='ocrx_word' id='word_1_114' title='bbox 400 2075 507 2130; x_wconf 88' lang='lat' dir='ltr'>Teucri</span> <span class='ocrx_word' id='word_1_115' title='bbox 521 2093 556 2130; x_wconf 87' lang='lat' dir='ltr'>ac</span> <span class='ocrx_word' id='word_1_116' title='bbox 570 2075 704 2131; x_wconf 88' lang='lat' dir='ltr'>tenebras</span> <span class='ocrx_word' id='word_1_117' title='bbox 720 2075 865 2148; x_wconf 88' lang='lat' dir='ltr'>insurgere</span> <span class='ocrx_word' id='word_1_118' title='bbox 880 2076 1001 2150; x_wconf 92' lang='lat' dir='ltr'>campis.</span> 
     </span>
    </p>
   </div>
   <div class='ocr_carea' id='block_1_3' title="bbox 121 2171 917 2232">
    <p class='ocr_par' dir='ltr' id='par_1_3' title="bbox 121 2171 917 2232">
     <span class='ocr_line' id='line_1_19' title="bbox 121 2171 917 2232; baseline -0.004 0"><span class='ocrx_word' id='word_1_119' title='bbox 121 2209 124 2214; x_wconf 92' lang='lat'><em>·</em></span> <span class='ocrx_word' id='word_1_120' title='bbox 208 2174 319 2232; x_wconf 86' lang='lat' dir='ltr'>Primus</span> <span class='ocrx_word' id='word_1_121' title='bbox 332 2173 369 2229; x_wconf 92' lang='lat' dir='ltr'>ab</span> <span class='ocrx_word' id='word_1_122' title='bbox 384 2171 504 2229; x_wconf 90' lang='lat' dir='ltr'>adversa</span> <span class='ocrx_word' id='word_1_123' title='bbox 518 2173 683 2229; x_wconf 86' lang='lat' dir='ltr'>conclamat</span> <span class='ocrx_word' id='word_1_124' title='bbox 698 2173 775 2230; x_wconf 91' lang='lat' dir='ltr'>mole</span> <span class='ocrx_word' id='word_1_125' title='bbox 792 2173 917 2231; x_wconf 90' lang='lat' dir='ltr'>Caicus:</span> 
     </span>
    </p>
   </div>
   <div class='ocr_carea' id='block_1_4' title="bbox 208 2270 1029 3722">
    <p class='ocr_par' dir='ltr' id='par_1_4' title="bbox 208 2270 1026 2834">
     <span class='ocr_line' id='line_1_20' title="bbox 208 2270 931 2345; baseline -0.001 -17"><span class='ocrx_word' id='word_1_126' title='bbox 208 2271 299 2345; x_wconf 88' lang='lat' dir='ltr'>‘Quis</span> <span class='ocrx_word' id='word_1_127' title='bbox 314 2270 425 2345; x_wconf 88' lang='lat' dir='ltr'>globus,</span> <span class='ocrx_word' id='word_1_128' title='bbox 440 2288 459 2327; x_wconf 94' lang='lat' dir='ltr'>o</span> <span class='ocrx_word' id='word_1_129' title='bbox 475 2270 561 2340; x_wconf 89' lang='lat' dir='ltr'>cives,</span> <span class='ocrx_word' id='word_1_130' title='bbox 577 2271 699 2344; x_wconf 85' lang='lat' dir='ltr'>caligine</span> <span class='ocrx_word' id='word_1_131' title='bbox 715 2271 837 2327; x_wconf 91' lang='lat' dir='ltr'>volvitur</span> <span class='ocrx_word' id='word_1_132' title='bbox 850 2273 931 2328; x_wconf 85' lang='lat' dir='ltr'>atra?</span> 
     </span>
     <span class='ocr_line' id='line_1_21' title="bbox 209 2367 939 2438; baseline 0 -12"><span class='ocrx_word' id='word_1_133' title='bbox 209 2371 293 2426; x_wconf 91' lang='lat' dir='ltr'>Ferte</span> <span class='ocrx_word' id='word_1_134' title='bbox 309 2369 358 2424; x_wconf 88' lang='lat' dir='ltr'>citi</span> <span class='ocrx_word' id='word_1_135' title='bbox 372 2369 487 2438; x_wconf 86' lang='lat' dir='ltr'>serrum,</span> <span class='ocrx_word' id='word_1_136' title='bbox 503 2367 571 2424; x_wconf 92' lang='lat' dir='ltr'>date</span> <span class='ocrx_word' id='word_1_137' title='bbox 586 2368 651 2438; x_wconf 90' lang='lat' dir='ltr'>tela,</span> <span class='ocrx_word' id='word_1_138' title='bbox 668 2367 818 2425; x_wconf 90' lang='lat' dir='ltr'>ascendite</span> <span class='ocrx_word' id='word_1_139' title='bbox 833 2387 939 2438; x_wconf 90' lang='lat' dir='ltr'>muros,</span> 
     </span>
     <span class='ocr_line' id='line_1_22' title="bbox 208 2465 1000 2540; baseline -0.003 -16"><span class='ocrx_word' id='word_1_140' title='bbox 208 2467 298 2524; x_wconf 90' lang='lat' dir='ltr'>hostis</span> <span class='ocrx_word' id='word_1_141' title='bbox 314 2465 405 2536; x_wconf 89' lang='lat' dir='ltr'>adest,</span> <span class='ocrx_word' id='word_1_142' title='bbox 421 2465 487 2522; x_wconf 91' lang='lat' dir='ltr'>heia</span> <span class='ocrx_word' id='word_1_143' title='bbox 500 2467 523 2522; x_wconf 85' lang='lat' dir='ltr'>l’</span> <span class='ocrx_word' id='word_1_144' title='bbox 567 2467 682 2540; x_wconf 87' lang='lat' dir='ltr'>Ingenti</span> <span class='ocrx_word' id='word_1_145' title='bbox 698 2465 825 2523; x_wconf 89' lang='lat' dir='ltr'>clamore</span> <span class='ocrx_word' id='word_1_146' title='bbox 839 2485 892 2540; x_wconf 91' lang='lat' dir='ltr'>per</span> <span class='ocrx_word' id='word_1_147' title='bbox 906 2468 1000 2524; x_wconf 91' lang='lat' dir='ltr'>omnis</span> 
     </span>
     <span class='ocr_line' id='line_1_23' title="bbox 208 2563 965 2639; baseline -0.003 -17"><span class='ocrx_word' id='word_1_148' title='bbox 208 2563 340 2623; x_wconf 89' lang='lat' dir='ltr'>condunt</span> <span class='ocrx_word' id='word_1_149' title='bbox 354 2582 384 2622; x_wconf 89' lang='lat' dir='ltr'>se</span> <span class='ocrx_word' id='word_1_150' title='bbox 400 2564 507 2620; x_wconf 88' lang='lat' dir='ltr'>Teucri</span> <span class='ocrx_word' id='word_1_151' title='bbox 521 2575 617 2638; x_wconf 88' lang='lat' dir='ltr'>portas</span> <span class='ocrx_word' id='word_1_152' title='bbox 632 2574 661 2620; x_wconf 90' lang='lat' dir='ltr'>et</span> <span class='ocrx_word' id='word_1_153' title='bbox 676 2565 793 2621; x_wconf 90' lang='lat' dir='ltr'>moenia</span> <span class='ocrx_word' id='word_1_154' title='bbox 807 2565 965 2639; x_wconf 89' lang='lat' dir='ltr'>complent.</span> 
     </span>
     <span class='ocr_line' id='line_1_24' title="bbox 208 2661 1026 2738; baseline -0.004 -17"><span class='ocrx_word' id='word_1_155' title='bbox 208 2665 345 2738; x_wconf 90' lang='lat' dir='ltr'>Namque</span> <span class='ocrx_word' id='word_1_156' title='bbox 360 2663 399 2719; x_wconf 91' lang='lat' dir='ltr'>ita</span> <span class='ocrx_word' id='word_1_157' title='bbox 414 2661 569 2719; x_wconf 91' lang='lat' dir='ltr'>discedens</span> <span class='ocrx_word' id='word_1_158' title='bbox 583 2672 773 2736; x_wconf 90' lang='lat' dir='ltr'>praeceperat</span> <span class='ocrx_word' id='word_1_159' title='bbox 788 2672 925 2736; x_wconf 87' lang='lat' dir='ltr'>optumus</span> <span class='ocrx_word' id='word_1_160' title='bbox 940 2664 1026 2719; x_wconf 88' lang='lat' dir='ltr'>armis</span> 
     </span>
     <span class='ocr_line' id='line_1_25' title="bbox 208 2761 822 2834; baseline -0.003 -15"><span class='ocrx_word' id='word_1_161' title='bbox 208 2764 340 2819; x_wconf 82' lang='lat' dir='ltr'>Aeneas:</span> <span class='ocrx_word' id='word_1_162' title='bbox 364 2761 448 2834; x_wconf 90' lang='lat' dir='ltr'>siqua</span> <span class='ocrx_word' id='word_1_163' title='bbox 461 2761 572 2817; x_wconf 89' lang='lat' dir='ltr'>interea</span> <span class='ocrx_word' id='word_1_164' title='bbox 586 2761 700 2818; x_wconf 81' lang='lat' dir='ltr'>fortuna</span> <span class='ocrx_word' id='word_1_165' title='bbox 714 2762 822 2831; x_wconf 85' lang='lat' dir='ltr'>fuisset,</span> 
     </span>
    </p>

    <p class='ocr_par' dir='ltr' id='par_1_5' title="bbox 208 2857 1029 3722">
     <span class='ocr_line' id='line_1_26' title="bbox 208 2857 1004 2934; baseline -0.003 -16"><span class='ocrx_word' id='word_1_166' title='bbox 208 2879 265 2918; x_wconf 89' lang='lat' dir='ltr'>neu</span> <span class='ocrx_word' id='word_1_167' title='bbox 281 2869 389 2916; x_wconf 92' lang='lat' dir='ltr'>struere</span> <span class='ocrx_word' id='word_1_168' title='bbox 404 2857 546 2916; x_wconf 89' lang='lat' dir='ltr'>auderent</span> <span class='ocrx_word' id='word_1_169' title='bbox 560 2859 654 2914; x_wconf 90' lang='lat' dir='ltr'>aciem</span> <span class='ocrx_word' id='word_1_170' title='bbox 669 2877 727 2914; x_wconf 89' lang='lat' dir='ltr'>neu</span> <span class='ocrx_word' id='word_1_171' title='bbox 743 2857 862 2916; x_wconf 90' lang='lat' dir='ltr'>credere</span> <span class='ocrx_word' id='word_1_172' title='bbox 878 2878 984 2934; x_wconf 89' lang='lat' dir='ltr'>campo</span> <span class='ocrx_word' id='word_1_173' title='bbox 997 2880 1004 2930; x_wconf 87' lang='lat'>;</span> 
     </span>
     <span class='ocr_line' id='line_1_27' title="bbox 208 2957 944 3031; baseline 0 -17"><span class='ocrx_word' id='word_1_174' title='bbox 208 2968 301 3016; x_wconf 87' lang='lat' dir='ltr'>castra</span> <span class='ocrx_word' id='word_1_175' title='bbox 316 2957 406 3014; x_wconf 88' lang='lat' dir='ltr'>modo</span> <span class='ocrx_word' id='word_1_176' title='bbox 422 2967 451 3013; x_wconf 93' lang='lat' dir='ltr'>et</span> <span class='ocrx_word' id='word_1_177' title='bbox 466 2966 542 3013; x_wconf 88' lang='lat' dir='ltr'>tutos</span> <span class='ocrx_word' id='word_1_178' title='bbox 558 2965 704 3013; x_wconf 89' lang='lat' dir='ltr'>servarent</span> <span class='ocrx_word' id='word_1_179' title='bbox 718 2975 822 3031; x_wconf 88' lang='lat' dir='ltr'>aggere</span> <span class='ocrx_word' id='word_1_180' title='bbox 837 2977 944 3015; x_wconf 74' lang='lat' dir='ltr'>muros,</span> 
     </span>
     <span class='ocr_line' id='line_1_28' title="bbox 210 3054 1022 3131; baseline -0.002 -17"><span class='ocrx_word' id='word_1_181' title='bbox 210 3057 287 3131; x_wconf 90' lang='lat' dir='ltr'>Ergo</span> <span class='ocrx_word' id='word_1_182' title='bbox 302 3056 356 3113; x_wconf 89' lang='lat' dir='ltr'>etsi</span> <span class='ocrx_word' id='word_1_183' title='bbox 372 3056 501 3112; x_wconf 80' lang='lat' dir='ltr'>conferre</span> <span class='ocrx_word' id='word_1_184' title='bbox 517 3074 634 3112; x_wconf 90' lang='lat' dir='ltr'>manum</span> <span class='ocrx_word' id='word_1_185' title='bbox 650 3054 745 3128; x_wconf 91' lang='lat' dir='ltr'>pudor</span> <span class='ocrx_word' id='word_1_186' title='bbox 758 3055 857 3128; x_wconf 90' lang='lat' dir='ltr'>iraque</span> <span class='ocrx_word' id='word_1_187' title='bbox 873 3065 1022 3125; x_wconf 90' lang='lat' dir='ltr'>monstrat,</span> 
     </span>
     <span class='ocr_line' id='line_1_29' title="bbox 208 3153 939 3229; baseline -0.004 -17"><span class='ocrx_word' id='word_1_188' title='bbox 208 3155 339 3212; x_wconf 91' lang='lat' dir='ltr'>obiciunt</span> <span class='ocrx_word' id='word_1_189' title='bbox 353 3163 449 3229; x_wconf 88' lang='lat' dir='ltr'>portas</span> <span class='ocrx_word' id='word_1_190' title='bbox 464 3164 562 3211; x_wconf 89' lang='lat' dir='ltr'>tamen</span> <span class='ocrx_word' id='word_1_191' title='bbox 579 3163 607 3210; x_wconf 92' lang='lat' dir='ltr'>et</span> <span class='ocrx_word' id='word_1_192' title='bbox 622 3162 780 3227; x_wconf 88' lang='lat' dir='ltr'>praecepta</span> <span class='ocrx_word' id='word_1_193' title='bbox 793 3153 939 3211; x_wconf 86' lang='lat' dir='ltr'>facessunt</span> 
     </span>
     <span class='ocr_line' id='line_1_30' title="bbox 209 3251 907 3327; baseline -0.004 -16"><span class='ocrx_word' id='word_1_194' title='bbox 209 3253 368 3327; x_wconf 90' lang='lat' dir='ltr'>armatique</span> <span class='ocrx_word' id='word_1_195' title='bbox 384 3254 461 3309; x_wconf 89' lang='lat' dir='ltr'>cavis</span> <span class='ocrx_word' id='word_1_196' title='bbox 476 3261 632 3327; x_wconf 87' lang='lat' dir='ltr'>expectant</span> <span class='ocrx_word' id='word_1_197' title='bbox 646 3252 767 3308; x_wconf 88' lang='lat' dir='ltr'>turribus</span> <span class='ocrx_word' id='word_1_198' title='bbox 783 3251 907 3308; x_wconf 91' lang='lat' dir='ltr'>hostem.</span> 
     </span>
     <span class='ocr_line' id='line_1_31' title="bbox 208 3350 1029 3425; baseline -0.001 -14"><span class='ocrx_word' id='word_1_199' title='bbox 208 3355 323 3411; x_wconf 87' lang='lat' dir='ltr'>Turnus</span> <span class='ocrx_word' id='word_1_200' title='bbox 338 3361 370 3409; x_wconf 91' lang='lat' dir='ltr'>ut</span> <span class='ocrx_word' id='word_1_201' title='bbox 384 3362 450 3409; x_wconf 89' lang='lat' dir='ltr'>ante</span> <span class='ocrx_word' id='word_1_202' title='bbox 466 3352 565 3408; x_wconf 90' lang='lat' dir='ltr'>volans</span> <span class='ocrx_word' id='word_1_203' title='bbox 580 3350 694 3409; x_wconf 89' lang='lat' dir='ltr'>tardum</span> <span class='ocrx_word' id='word_1_204' title='bbox 710 3361 908 3425; x_wconf 86' lang='lat' dir='ltr'>praecesserat</span> <span class='ocrx_word' id='word_1_205' title='bbox 923 3370 1029 3425; x_wconf 88' lang='lat' dir='ltr'>agmen</span> 
     </span>
     <span class='ocr_line' id='line_1_32' title="bbox 209 3449 851 3528; baseline -0.008 -17"><span class='ocrx_word' id='word_1_206' title='bbox 209 3453 307 3528; x_wconf 89' lang='lat' dir='ltr'>viginti</span> <span class='ocrx_word' id='word_1_207' title='bbox 322 3452 404 3508; x_wconf 89' lang='lat' dir='ltr'>lectis</span> <span class='ocrx_word' id='word_1_208' title='bbox 420 3452 550 3525; x_wconf 87' lang='lat' dir='ltr'>equitnm</span> <span class='ocrx_word' id='word_1_209' title='bbox 565 3450 729 3520; x_wconf 78' lang='lat' dir='ltr'>comitatus,</span> <span class='ocrx_word' id='word_1_210' title='bbox 745 3460 774 3506; x_wconf 92' lang='lat' dir='ltr'>et</span> <span class='ocrx_word' id='word_1_211' title='bbox 789 3449 851 3507; x_wconf 91' lang='lat' dir='ltr'>urbi</span> 
     </span>
     <span class='ocr_line' id='line_1_33' title="bbox 209 3547 986 3625; baseline -0.005 -17"><span class='ocrx_word' id='word_1_212' title='bbox 209 3551 380 3625; x_wconf 89' lang='lat' dir='ltr'>improvisus</span> <span class='ocrx_word' id='word_1_213' title='bbox 395 3549 497 3620; x_wconf 87' lang='lat' dir='ltr'>adest;</span> <span class='ocrx_word' id='word_1_214' title='bbox 519 3548 640 3607; x_wconf 89' lang='lat' dir='ltr'>maculis</span> <span class='ocrx_word' id='word_1_215' title='bbox 655 3567 745 3623; x_wconf 90' lang='lat' dir='ltr'>quem</span> <span class='ocrx_word' id='word_1_216' title='bbox 759 3547 899 3605; x_wconf 90' lang='lat' dir='ltr'>Thracius</span> <span class='ocrx_word' id='word_1_217' title='bbox 915 3549 986 3604; x_wconf 87' lang='lat' dir='ltr'>albis</span> 
     </span>
     <span class='ocr_line' id='line_1_34' title="bbox 209 3645 960 3722; baseline -0.007 -16"><span class='ocrx_word' id='word_1_218' title='bbox 209 3657 304 3722; x_wconf 88' lang='lat' dir='ltr'>portat</span> <span class='ocrx_word' id='word_1_219' title='bbox 319 3666 410 3722; x_wconf 89' lang='lat' dir='ltr'>equus</span> <span class='ocrx_word' id='word_1_220' title='bbox 426 3647 570 3720; x_wconf 87' lang='lat' dir='ltr'>cristaque</span> <span class='ocrx_word' id='word_1_221' title='bbox 584 3647 655 3720; x_wconf 89' lang='lat' dir='ltr'>tegit</span> <span class='ocrx_word' id='word_1_222' title='bbox 669 3646 753 3720; x_wconf 88' lang='lat' dir='ltr'>galea</span> <span class='ocrx_word' id='word_1_223' title='bbox 767 3664 854 3702; x_wconf 89' lang='lat' dir='ltr'>aurea</span> <span class='ocrx_word' id='word_1_224' title='bbox 866 3645 960 3702; x_wconf 87' lang='lat' dir='ltr'>rubra.</span> 
     </span>
    </p>
   </div>
   <div class='ocr_carea' id='block_1_5' title="bbox 209 3797 941 3869">
    <p class='ocr_par' dir='ltr' id='par_1_6' title="bbox 209 3797 941 3869">
     <span class='ocr_line' id='line_1_35' title="bbox 209 3797 941 3869; baseline -0.005 -15"><span class='ocrx_word' id='word_1_225' title='bbox 209 3798 333 3855; x_wconf 79' lang='lat' dir='ltr'>vcrtt&#39;tur</span> <span class='ocrx_word' id='word_1_226' title='bbox 344 3815 432 3852; x_wconf 79' lang='lat' dir='ltr'>armo</span> <span class='ocrx_word' id='word_1_227' title='bbox 449 3803 546 3852; x_wconf 80' lang='lat' dir='ltr'>lenens</span> <span class='ocrx_word' id='word_1_228' title='bbox 559 3804 589 3852; x_wconf 84' lang='lat' dir='ltr'>et</span> <span class='ocrx_word' id='word_1_229' title='bbox 600 3803 656 3852; x_wconf 79' lang='lat' dir='ltr'>toto</span> <span class='ocrx_word' id='word_1_230' title='bbox 670 3797 773 3852; x_wconf 82' lang='lat' dir='ltr'>vertice</span> <span class='ocrx_word' id='word_1_231' title='bbox 786 3804 877 3869; x_wconf 77' lang='lat' dir='ltr'>supra</span> <span class='ocrx_word' id='word_1_232' title='bbox 892 3802 941 3850; x_wconf 86' lang='lat' dir='ltr'>est.</span> 
     </span>
    </p>
   </div>
   <div class='ocr_carea' id='block_1_6' title="bbox 633 3921 833 3967">
    <p class='ocr_par' dir='ltr' id='par_1_7' title="bbox 633 3921 833 3967">
     <span class='ocr_line' id='line_1_36' title="bbox 633 3921 833 3967; baseline 0.02 -4"><span class='ocrx_word' id='word_1_233' title='bbox 633 3921 654 3952; x_wconf 77' lang='lat'>⁸⁷</span> <span class='ocrx_word' id='word_1_234' title='bbox 669 3923 779 3966; x_wconf 83' lang='lat' dir='ltr'>scandite.</span> <span class='ocrx_word' id='word_1_235' title='bbox 800 3923 833 3967; x_wconf 90' lang='lat' dir='ltr'>H.</span> 
     </span>
    </p>
   </div>
   <div class='ocr_carea' id='block_1_7' title="bbox 0 0 1387 4284">
    <p class='ocr_par' dir='ltr' id='par_1_8' title="bbox 0 0 1387 4284">
     <span class='ocr_line' id='line_1_37' title="bbox 0 0 1387 4284; baseline 0 0"><span class='ocrx_word' id='word_1_236' title='bbox 0 0 1387 4284; x_wconf 95' lang='lat' dir='ltr'> </span> 
     </span>
    </p>
   </div>
  </div>
 </body>
</html>
