2742 4284
126 317 285 382 V111.656.]
409 307 526 370 Scenes
538 309 633 389 from
658 307 763 388 Early
785 309 899 372 Rome.

124 494 196 552 solis
211 492 370 551 inardescit
383 491 471 550 radiis
485 492 632 568 longeque
647 493 789 568 refulget;

124 602 190 649 tum
201 591 271 648 levis
286 609 388 648 ocreas
402 591 512 647 electro
527 609 656 665 auroque
671 601 792 648 recocto

123 689 300 763 hastamque
314 698 344 746 et
359 687 446 763 clipei
461 706 521 745 non
537 689 697 745 enarrabile
713 699 833 748 textum.

124 787 191 844 Illic
207 804 253 842 res
270 785 356 842 Italas
371 786 633 860 Romanorumque
649 785 812 862 triumphos

123 883 207 942 haud
221 894 322 941 vatum
336 884 452 958 ignarus
466 883 638 957 venturique
653 883 762 941 inscius
775 886 839 942 aevi

123 983 236 1040 fecerat
252 982 434 1057 Ignipotens,
449 982 506 1038 illic
521 999 614 1056 genus
628 999 718 1039 omne
733 983 845 1040 futurae

123 1081 221 1156 stirpis
236 1080 274 1138 ab
289 1080 417 1138 Ascanio
432 1089 619 1154 pugnataque
635 1079 664 1136 in
679 1079 782 1137 ordine
797 1081 880 1139 bella.

125 1179 250 1235 Fecerat
266 1188 295 1234 et
309 1177 392 1234 viridi
406 1178 495 1234 setam
512 1177 652 1235 Mavortis
667 1178 698 1234 in
711 1187 794 1235 antro

123 1275 316 1350 procubuisse
331 1275 439 1350 lupam,
454 1274 588 1350 geminos
603 1274 671 1333 huic
686 1275 776 1333 ubera
790 1278 899 1334 circum

123 1372 227 1430 ludere
243 1372 399 1447 pendentis
414 1391 521 1447 pueros
536 1383 565 1429 et
579 1373 708 1430 lambere
723 1384 845 1431 matrem

124 1470 300 1546 impavidos
315 1471 392 1527 illam
408 1470 492 1530 tereti
508 1471 624 1528 cervice
639 1470 747 1529 reflexa

124 1568 255 1626 mulcere
270 1569 395 1626 alternos
410 1578 439 1626 et
455 1586 579 1644 corpora
593 1569 704 1644 fingere
719 1569 825 1645 lingua,

125 1671 194 1728 Nec
208 1670 311 1745 procul
326 1669 395 1727 hinc
410 1670 540 1728 Romam
556 1680 585 1727 et
598 1679 696 1746 raptas
710 1671 773 1729 sine
789 1689 871 1729 more
885 1673 1005 1730 Sabinas

125 1787 266 1826 consessu
282 1786 389 1826 caveae
405 1769 518 1844 magnis
534 1769 712 1826 circensibus
727 1771 799 1827 actis

125 1866 282 1923 addiderat
296 1866 451 1940 subitoque
467 1884 577 1924 novum
594 1885 770 1942 consurgere
785 1868 893 1926 bellum

126 1963 294 2022 Romulidis
308 1965 453 2039 Tatioque
469 1963 532 2021 seni
548 1964 730 2039 Curibusque
745 1966 860 2022 severis.

127 2065 198 2120 Post
212 2060 292 2118 idem
307 2061 382 2118 inter
396 2079 427 2118 se
443 2062 541 2137 posito
557 2062 717 2119 certamine
731 2080 814 2137 reges

126 2149 229 2217 armati
245 2159 323 2216 Iovis
338 2169 407 2216 ante
422 2178 501 2216 ararn
518 2169 691 2234 paterasque
706 2169 842 2218 tenentes

126 2258 243 2316 stabant
257 2266 286 2313 et
297 2276 384 2314 caesa
398 2257 558 2332 iungebant
572 2256 693 2314 foedera
706 2275 805 2332 porca.
837 2297 842 2304 -

127 2354 221 2413 Haud
236 2353 338 2428 procul
352 2354 422 2412 inde
438 2355 514 2412 citae
532 2355 658 2412 Mettum
674 2355 704 2411 in
718 2355 832 2414 diversa
847 2357 1003 2431 quadrigae

127 2453 307 2523 distulerant,
323 2463 352 2510 at
368 2463 398 2510 tu
414 2452 508 2522 dictis,
526 2452 647 2521 Albane,
663 2471 805 2524 maneres,

126 2551 318 2625 raptabatque
333 2550 385 2607 viri
401 2549 553 2608 mendacis
569 2550 681 2606 viscera
695 2551 796 2608 Tullus

128 2665 181 2723 per
195 2647 305 2718 silvam,
322 2658 350 2704 et
365 2647 456 2723 sparsi
472 2646 608 2705 rorabant
624 2649 764 2722 sanguine
779 2668 892 2725 vepres.

128 2747 195 2804 Nec
210 2764 270 2802 non
285 2746 476 2821 Tarquinium
492 2747 619 2803 eiectum
636 2747 785 2803 Porsenna
800 2748 918 2805 iubebat

127 2845 264 2918 accipere
279 2844 449 2919 ingentique
466 2845 569 2901 urbem
585 2844 740 2901 obsidione
755 2845 925 2919 premebat:

128 2941 286 3000 Aeneadae
301 2942 331 2999 in
346 2944 452 2999 sermm
468 2961 520 3017 pro
536 2942 667 3000 libertate
683 2945 814 3001 ruebant.

128 3041 214 3098 Illum
230 3039 391 3115 indignanti
407 3041 531 3098 similem
546 3041 729 3115 similemque
745 3043 865 3098 minanti

127 3140 282 3214 aspiceres,
300 3150 421 3215 pontem
438 3139 558 3198 auderet
574 3141 642 3214 quia
656 3140 761 3196 vellere
776 3140 883 3197 Cocles

127 3246 157 3295 et
171 3236 291 3294 fluvium
306 3239 408 3295 vinclis
423 3238 536 3295 innaret
552 3237 663 3295 Cloelia
678 3238 776 3312 mptis

128 3336 164 3392 In
178 3355 295 3394 summo
310 3344 408 3394 custos
423 3337 565 3409 Tarpeiae
583 3336 710 3392 Manlius
726 3338 798 3393 arcis

126 3434 221 3492 stabat
236 3451 289 3508 pro
303 3433 416 3508 templo
431 3443 460 3490 et
475 3434 621 3507 Capitolia
637 3433 715 3490 celsa
730 3435 857 3505 tenebat,

129 3529 354 3609 [Romuleoque
368 3549 472 3589 recens
488 3531 622 3589 horrebat
637 3532 715 3606 regia
729 3529 854 3610 culmo]

125 3632 224 3702 Atque
239 3629 288 3686 hic
302 3629 408 3686 auratis
423 3629 546 3686 volitans
560 3639 714 3703 argenteus
728 3648 813 3686 anser

124 3727 286 3802 porticibus
301 3727 401 3785 Gallos
416 3727 445 3784 in
459 3727 559 3785 limine
575 3726 677 3784 adesse
693 3728 828 3785 canebat.

545 3856 578 3888 ⁶⁴⁶
593 3857 704 3901 Porsena.
725 3855 757 3900 H.
