2742 4284
164 339 200 386 12
353 319 507 384 Latinus’
536 321 619 384 Wie
641 319 772 385 Driven
795 332 825 384 to
848 324 1014 387 Madness.

160 525 219 583 quo
234 505 389 566 furibunda
402 506 525 566 domum
541 518 670 567 monstro
685 508 861 584 permisceat
875 527 1006 567 omnem.

160 605 213 663 Ille
227 605 302 663 inter
315 613 409 663 vestes
424 615 453 662 et
467 605 542 664 levia
555 615 676 681 pectora
690 607 788 681 lapsus

159 702 281 760 volvitur
295 711 404 760 attactu
419 702 500 760 nullo
513 702 641 777 fallitque
658 704 809 775 furentem,

159 804 305 879 vipeream
320 799 463 875 inspirans
478 801 624 859 animam:
648 801 679 858 lit
694 802 788 859 tortile
803 805 879 862 collo

160 923 260 964 aurum
275 903 378 978 ingens
394 900 522 972 coluber,
538 899 571 956 fit
585 899 690 975 longae
705 904 802 960 taenia
816 905 902 962 vittae

159 1005 338 1079 innectitque
354 1018 463 1072 comas,
480 1010 510 1057 et
524 1000 662 1058 membris
677 1002 804 1060 lubricus
818 1013 902 1061 errat.

158 1107 203 1163 Ac
217 1104 288 1162 dum
304 1103 398 1178 prima
411 1101 473 1158 lues
488 1098 549 1157 udo
564 1099 701 1174 sublapsa
714 1118 829 1159 veneno

159 1211 335 1278 pertemptat
350 1219 452 1259 sensus
467 1210 554 1275 atque
571 1199 684 1256 ossibus
700 1199 830 1274 implicat
844 1200 941 1275 ignem

160 1300 288 1361 necdum
303 1303 416 1361 animus
431 1311 494 1360 toto
509 1302 642 1376 percepit
657 1310 778 1376 pectore
792 1299 948 1369 flammam,

160 1399 273 1458 mollius
288 1408 317 1458 et
332 1401 418 1459 solito
433 1410 556 1458 matrum
573 1399 611 1457 de
627 1416 708 1456 more
723 1400 820 1456 locuta
835 1407 887 1469 est,

160 1497 250 1555 multa
264 1514 351 1572 super
365 1507 432 1554 nata
447 1497 600 1555 lacrimans
617 1497 806 1573 Phrygiisque
821 1498 1008 1574 hymenaeis:

161 1595 371 1653 ‘Exsulibusne
387 1595 472 1654 datur
486 1594 626 1653 ducenda
641 1597 762 1653 Lavinia
775 1598 904 1669 Teucris,

162 1696 326 1770 Ogenitor‚
342 1709 441 1757 necte
457 1701 575 1758 miseret
590 1711 753 1776 gnataeque
768 1702 889 1775 tuique?

163 1795 229 1852 Nec
243 1795 341 1853 matris
356 1796 481 1867 miseret,
497 1815 585 1872 quam
601 1800 696 1872 primo
711 1799 846 1872 aquilone
860 1799 1005 1874 relinquet

161 1890 290 1965 perfidus
305 1892 363 1949 alta
376 1902 479 1967 petens
495 1894 624 1953 abducta
639 1897 747 1970 virgine
765 1895 893 1970 praedo?

161 1990 208 2046 An
223 2007 283 2047 non
297 1990 339 2048 sic
355 1989 494 2066 Phrygius
509 2003 643 2068 penetrat
660 1992 886 2053 Lacedaemona
900 2004 999 2069 pastor

163 2086 370 2162 Ledaeamque
387 2089 534 2147 Helenam
550 2092 692 2149 Troianas
707 2092 784 2149 vexit
798 2090 836 2148 ad
851 2092 958 2151 urbes?

162 2184 243 2258 Quid
258 2195 308 2244 tua
322 2197 423 2245 sancta
437 2187 519 2259 tides,
535 2189 607 2264 quid
623 2208 693 2247 cura
707 2190 825 2264 antiqua
839 2198 954 2248 tuorum

162 2292 191 2340 et
206 2285 425 2359 consanguineo
439 2286 546 2344 totiens
561 2286 631 2344 data
645 2287 766 2345 dextera
778 2288 900 2344 Turno?

161 2381 190 2439 Si
204 2399 294 2456 gener
307 2391 427 2440 externa
441 2384 548 2459 petitur
563 2384 600 2442 de
616 2394 704 2460 gente
720 2385 829 2443 Latinis

160 2476 250 2554 idque
265 2479 348 2538 sedet
364 2481 514 2556 Faunique
530 2492 667 2558 premunt
682 2493 711 2539 te
727 2483 804 2540 iussa
818 2485 956 2558 parentis,

160 2594 280 2635 omnem
295 2577 433 2652 equidem
449 2580 570 2655 sceptris
585 2589 691 2638 terram
706 2597 781 2654 quae
796 2580 887 2639 libera
900 2581 1004 2640 nostris

160 2673 291 2745 dissidet,
307 2685 456 2734 externam
471 2695 537 2734 reor
551 2687 581 2735 et
595 2677 636 2734 sic
652 2676 751 2735 dicere
767 2677 859 2735 divos.

162 2772 200 2828 Et
213 2773 323 2843 Turno,
339 2774 362 2830 si
376 2775 470 2848 prima
483 2774 591 2832 domus
605 2784 754 2849 repetatur
768 2778 858 2851 orig0‚

161 2869 288 2927 Inachus
304 2871 489 2946 Acrisiusque
504 2882 600 2946 patres
616 2872 790 2948 mediaeque
807 2875 972 2948 Mycenae)

201 2967 257 3024 His
273 2968 321 3025 uhi
336 2969 516 3044 nequiquam
531 2969 616 3027 dictis
632 2981 752 3044 experta
767 2971 901 3028 Latinum

159 3074 261 3122 contra
276 3075 349 3124 stare
365 3065 445 3124 videt
459 3069 634 3142 penitusque
651 3069 680 3125 in
695 3069 805 3126 viscera
819 3069 931 3142 lapsum

159 3163 299 3236 serpentis
315 3164 413 3221 furiale
429 3167 538 3222 malum
554 3175 705 3241 totamque
721 3177 856 3241 pererrat,

158 3268 221 3316 turn
235 3278 303 3318 vero
319 3261 426 3333 infelix,
442 3264 607 3338 ingentibus
622 3265 719 3321 excita
733 3265 876 3333 monstriS,

158 3356 331 3415 immensam
347 3359 410 3417 sine
426 3379 506 3420 more
522 3362 589 3419 furit
603 3362 752 3436 lymphata
766 3379 819 3436 per
833 3361 943 3418 urbem.

158 3454 221 3512 Ceu
237 3456 387 3529 quondam
402 3467 478 3516 torto
494 3459 617 3518 volitans
632 3459 685 3516 sub
700 3460 819 3516 verbere
834 3458 927 3527 turbo,

158 3570 247 3627 quem
262 3554 343 3627 pueri
359 3574 466 3630 magno
481 3558 510 3614 in
525 3575 596 3632 gyro
611 3576 703 3613 vacua
718 3557 789 3614 atria
804 3557 911 3612 circum

158 3649 262 3707 intenti
274 3649 345 3708 ludo
361 3663 516 3727 exercent,
541 3655 587 3712 ille
602 3665 683 3711 actus
699 3653 815 3712 habena

157 3747 281 3806 curvatis
297 3749 385 3807 lertur
399 3752 497 3827 spatiis
509 3773 517 3825 ;
540 3761 637 3827 stupet
652 3751 744 3809 inscia
758 3769 844 3825 supra

316 3875 349 3910 ⁸⁵⁵
354 3885 480 3935 pertentat.
504 3883 536 3927 H.
546 3883 595 3925 and
606 3881 694 3926 others.
876 3881 910 3914 ⁸⁸³
920 3886 1007 3926 aeman¹
1024 3882 1057 3927 H.

1088 334 1213 397 [AEnam.
