2742 4284
168 309 228 376 154
291 293 428 376 Jupiter
444 291 598 357 consents
618 304 649 356 to
665 294 781 376 Merge
802 293 885 375 Troy
902 294 938 356 in
954 293 1049 375 Italy.
1094 306 1215 368 [AExam

163 481 265 540 adiuro
278 480 368 556 Stygii
382 489 471 556 caput
485 480 669 556 implacabile
683 479 780 551 sontis,

163 597 222 638 una
235 578 400 655 superstitio
414 579 526 653 superis
541 597 617 653 quae
632 577 749 636 reddita
763 578 845 636 divis.

165 679 202 735 Et
216 694 296 733 nunc
311 675 387 734 cedo
402 675 541 751 equidem
555 694 727 752 pugnasque
741 695 831 734 exosa
845 677 987 752 relinquo.

164 773 241 832 Illud
256 783 294 845 te,
308 773 386 830 nulla
400 773 450 830 tati
465 772 546 848 quod
561 773 626 849 lege
641 783 765 843 tenetur,

164 889 217 947 pro
232 871 315 928 Latio
330 871 468 943 obtestor,
483 889 536 947 pro
552 871 704 930 maiestate
719 880 854 929 tuorum:

164 987 233 1026 cum
247 968 305 1026 iam
321 969 443 1027 conubis
457 987 563 1045 pacem
579 969 720 1039 felicibus,
737 979 809 1040 esto,

165 1075 355 1142 component,
371 1085 439 1123 cum
454 1067 511 1124 iam
525 1067 604 1142 leges
620 1078 649 1124 et
663 1067 784 1124 foedera
797 1067 929 1142 iungent,

164 1182 202 1221 ne
216 1173 298 1222 vetus
313 1163 465 1240 indigenas
479 1183 589 1222 nomen
606 1176 717 1222 mutare
733 1166 853 1223 Latinos

164 1280 222 1320 neu
236 1263 328 1323 Troas
342 1262 403 1320 fieri
418 1262 518 1321 iubeas
534 1265 725 1338 Teucrosque
739 1264 836 1320 vocari

165 1370 215 1418 aut
229 1378 334 1420 vocem
349 1370 460 1418 mutare
476 1361 551 1418 viros
567 1365 616 1418 aut
630 1370 741 1418 vertere
757 1371 877 1419 vestem.

166 1458 207 1517 Sit
223 1458 346 1529 Latium,
363 1459 419 1516 sint
434 1459 540 1516 Albani
553 1476 606 1534 per
621 1459 739 1516 saecula
751 1478 844 1535 reges,

165 1555 202 1613 sit
216 1557 355 1614 Romana
367 1566 472 1632 potens
489 1557 563 1614 Itala
576 1557 678 1614 virtute
695 1575 844 1632 propago:

166 1653 284 1726 occidit,
300 1653 499 1729 occideritque
515 1655 591 1712 sinas
606 1673 675 1712 cum
690 1656 810 1713 nomine
824 1656 933 1714 Troia)

165 1751 223 1811 Olli
237 1751 389 1810 subridens
406 1752 558 1810 hominum
574 1771 728 1828 rerumque
743 1763 874 1829 repertor

166 1851 225 1906 ‘Es
238 1868 377 1925 germana
391 1850 469 1908 Iovis
486 1851 658 1926 Saturnique
673 1851 763 1908 altera
776 1851 891 1926 proles:

165 1949 270 2006 irarum
286 1957 381 2005 tantos
395 1948 485 2005 volvis
500 1949 555 2007 sub
567 1958 689 2024 pectore
704 1949 816 2007 fluctus.

165 2047 275 2103 Verum
288 2064 342 2121 age
359 2055 388 2102 et
402 2046 552 2121 inceptum
565 2047 669 2105 frustra
682 2047 819 2106 submitte
834 2047 960 2106 furorem

166 2142 206 2203 do
222 2142 304 2218 quod
318 2144 369 2215 vis,
385 2154 414 2201 et
428 2163 475 2202 me
489 2145 641 2221 victusque
656 2146 816 2220 volensque
830 2145 955 2203 remitto.

167 2243 337 2300 Sermonem
352 2243 473 2300 Ausonii
489 2243 614 2318 patrium
628 2261 783 2318 moresque
797 2243 948 2313 tenebunt,

166 2350 256 2416 utque
272 2350 316 2398 est
330 2359 440 2399 nomen
456 2340 528 2414 erit;
551 2342 702 2399 commixti
716 2360 840 2416 corpore
854 2350 966 2398 tantum

167 2438 318 2498 subsident
332 2439 447 2497 Teucri.
492 2441 607 2497 Morem
621 2440 752 2513 ritusque
766 2457 914 2496 sacrorum

166 2535 293 2594 adiciam
309 2536 470 2611 faciamque
485 2536 581 2594 omnis
594 2554 655 2593 uno
670 2554 721 2592 ore
736 2535 865 2594 Latinos.

169 2635 250 2692 Hinc
264 2653 356 2710 genus
371 2634 502 2691 Ausonio
516 2634 638 2690 mixtum
654 2632 735 2707 quod
750 2633 890 2708 sanguine
905 2642 1010 2708 surget,

167 2750 253 2807 supra
267 2732 410 2802 homineS,
425 2750 511 2807 supra
524 2732 564 2789 ire
580 2730 653 2789 deos
668 2731 777 2807 pietate
792 2728 913 2801 videbis,

166 2812 222 2888 uec
237 2849 308 2906 gens
324 2830 380 2888 ulla
394 2839 460 2886 tuos
475 2847 568 2903 aeque
584 2829 743 2887 celebrabit
757 2828 903 2886 honores!

166 2927 277 2986 Adnuit
291 2928 335 2986 his
351 2928 426 2984 Iuno
441 2935 470 2984 et
485 2937 614 2984 mentem
631 2927 737 2984 laetata
750 2927 873 2984 retorsit.

168 3027 284 3083 Interea
298 3023 416 3082 excedit
429 3025 513 3082 caelo
527 3025 695 3099 nubemque
709 3025 854 3099 relinquit.

208 3124 264 3181 His
279 3123 350 3180 actis
365 3121 443 3180 aliud
457 3123 570 3198 genitor
585 3141 686 3180 secum
702 3122 765 3197 ipse
779 3122 890 3179 volutat

167 3223 377 3296 Iuturnamque
392 3229 473 3295 parat
487 3220 578 3277 fratris
593 3219 739 3277 dimittere
754 3221 791 3277 ab
805 3219 900 3277 armis.

167 3319 313 3377 Dicuntur
326 3318 460 3402 geminae
475 3328 572 3393 pestes
587 3319 764 3393 cognomine
778 3320 877 3390 Dirae,

167 3436 238 3493 quas
253 3426 281 3475 et
295 3417 463 3474 Tartaream
478 3415 546 3474 Nox
561 3417 737 3491 intempesta
751 3417 920 3491 Megaeram

167 3534 226 3573 uno
241 3514 406 3589 eodemque
421 3513 484 3571 tulit
497 3523 582 3589 partu
596 3514 770 3589 paribusque
785 3513 907 3571 revinxit

167 3619 334 3688 serpentum
350 3611 433 3686 spiris
448 3615 641 3686 ventosasque
657 3609 771 3669 addidit
787 3611 854 3668 alas.

168 3712 235 3767 Hae
253 3709 329 3766 Iovis
344 3706 383 3765 ad
397 3706 503 3765 solium
517 3707 653 3782 saevique
668 3708 698 3764 in
712 3708 811 3765 limine
826 3710 901 3784 regis

168 3804 309 3880 adparent
323 3813 489 3877 acuuntque
505 3815 614 3860 metum
629 3805 798 3862 mortalibus
812 3804 914 3880 aegris,
