2742 4284
163 307 221 373 152
363 293 415 356 AE
416 315 495 355 neas
508 293 657 356 Pursues
672 294 726 356 lris
741 295 865 378 Flying
876 295 1012 375 Enemy.
1089 306 1209 366 [AEusm.

157 479 317 555 insequitur
329 480 495 555 trepidique
508 480 619 556 pedem
633 480 712 556 pede
726 481 852 537 fervidus
866 491 967 555 urget:

157 576 301 634 inclusum
315 577 402 634 veluti
417 578 562 652 siquando
576 579 695 636 flumine
709 589 833 638 nanctus

157 692 276 732 cervum
290 685 339 732 aut
354 669 497 750 puniceae
516 687 652 751 saeptum
666 676 821 734 somridine
834 678 943 750 pinnae

156 783 278 830 venator
291 791 377 830 cursu
392 774 473 830 canis
487 784 516 830 et
530 773 679 831 latratibus
693 775 799 845 instat;

157 871 202 928 ille
217 880 325 942 autem,
341 869 451 928 insidiis
465 881 495 928 et
508 872 572 947 ripa
584 872 699 929 territus
713 873 779 942 alta,

158 969 236 1026 mille
250 968 323 1045 fugit
335 969 499 1044 refugitque
512 969 592 1040 vias3
614 979 643 1026 at
657 969 769 1027 vividus
783 971 897 1029 Umber

157 1066 256 1124 haeret
271 1067 363 1139 hians,
378 1067 436 1124 iam
450 1067 568 1142 iamque
583 1077 665 1125 tenet
679 1068 837 1143 similisque
850 1069 962 1126 tenenti

156 1165 301 1240 increpuit
314 1165 397 1223 malis
410 1183 568 1240 morsuque
583 1167 679 1224 elusus
693 1167 773 1223 inani
787 1176 840 1224 est.

156 1264 234 1320 Tum
247 1282 317 1320 vero
331 1264 457 1321 exoritur
470 1265 590 1335 clamor,
605 1265 744 1339 ripaeque
759 1265 898 1340 lacusque

156 1371 330 1436 responsant
343 1362 422 1419 circa
436 1373 465 1419 et
479 1362 595 1419 caelum
609 1371 693 1419 tonat
705 1381 794 1419 omne
807 1363 943 1420 tumultu.

157 1458 210 1516 Ille
224 1459 310 1516 simul
324 1460 437 1535 fugiens
452 1460 576 1518 Rutulos
590 1461 674 1518 simul
688 1461 821 1536 increpat
835 1462 940 1532 omnis,

158 1558 276 1614 nomine
290 1575 438 1632 quemque
451 1576 571 1629 vocans,
587 1569 750 1632 notumque
764 1559 902 1633 efflagitat
916 1577 1027 1616 ensem.

158 1658 272 1712 Aeneas
288 1665 411 1713 mortem
426 1666 528 1714 contra
542 1674 739 1732 praesensque
753 1658 879 1714 minatur

158 1753 286 1825 exitium,
302 1753 326 1810 si
340 1754 494 1829 quisquam
508 1753 605 1825 adeat,
621 1765 766 1831 terretque
780 1756 931 1812 trementis

157 1850 321 1908 excisurum
335 1851 437 1909 urbem
452 1851 589 1908 minitans
604 1862 633 1908 et
647 1852 764 1910 saucius
777 1853 873 1909 instat.

159 1947 296 2022 Quinque
311 1948 389 2006 orbis
404 1949 521 2024 explent
535 1968 621 2006 cursu
635 1949 820 2024 totidemque
834 1961 967 2008 retexunt

158 2044 215 2102 huc
231 2045 296 2102 illuc
309 2067 317 2117 ;
338 2064 434 2122 neque
448 2047 526 2104 enirn
541 2047 615 2104 levia
628 2057 678 2104 aut
692 2047 804 2105 ludicra
817 2057 955 2122 petuntur

157 2144 295 2218 praemia,
311 2143 364 2201 sed
378 2145 470 2202 Turni
483 2144 522 2202 de
536 2145 595 2202 vita
608 2155 638 2202 et
652 2146 793 2220 sanguine
807 2155 927 2203 certant.

159 2241 245 2299 Forte
260 2259 342 2299 sacer
357 2243 458 2300 Fauno
473 2242 547 2300 loliis
561 2243 685 2300 oleaster
698 2244 804 2300 amaris

159 2338 206 2395 lric
222 2348 348 2411 steterat,
364 2340 457 2424 nautis
471 2340 541 2397 olim
554 2340 718 2398 venerabile
733 2341 851 2416 lignum,

158 2437 262 2495 servati
276 2456 313 2495 ex
327 2437 413 2496 undis
428 2439 478 2496 ubi
492 2438 580 2513 figere
595 2437 675 2496 dona
689 2438 823 2496 solebant

160 2536 296 2594 Laurenti
311 2536 380 2593 divo
394 2545 424 2593 et
437 2545 518 2594 votas
533 2535 712 2611 suspendere
726 2547 831 2608 vestes,

158 2632 211 2690 sed
226 2633 345 2709 stirpem
360 2634 466 2692 Teucri
480 2634 559 2691 nullo
574 2632 742 2692 discrimine
756 2653 871 2693 sacrum

159 2730 342 2802 sustulerant,
357 2749 431 2806 puro
445 2740 477 2789 ut
490 2742 611 2806 possent
624 2750 798 2790 concurrere
813 2751 929 2808 campo,

160 2829 221 2886 Hic
236 2829 319 2886 hasta
333 2831 452 2886 Aeneae
466 2829 570 2900 stabat,
585 2829 643 2887 huc
657 2831 784 2905 impetus
798 2831 876 2888 illam

160 2924 302 2984 detulerat
316 2926 404 2984 fixam
418 2936 448 2984 et
461 2927 539 2984 lenta
552 2926 582 2984 in
596 2926 696 2985 radice
710 2928 838 2986 tenebat.

161 3024 299 3082 Incubuit
312 3024 460 3100 voluitque
475 3043 563 3082 manu
579 3025 742 3083 convellere
756 3026 863 3084 ferrum

161 3121 345 3181 Dardanides
360 3123 478 3199 teloque
493 3125 691 3199 sequipquem
705 3124 848 3200 prendere
864 3144 948 3183 cursu

160 3238 221 3278 non
235 3230 357 3296 poterat.
400 3223 476 3280 Tum
491 3241 559 3280 vero
574 3241 676 3281 amens
691 3223 846 3280 formidine
860 3225 975 3281 Turnus

161 3318 289 3390 ‘Faune,
304 3337 416 3394 precor,
432 3319 588 3391 miserere‚’
604 3320 705 3395 inquit,
723 3325 831 3395 ‘tuque
846 3321 960 3394 optima
974 3321 1080 3378 serrum

160 3425 235 3474 terra
248 3425 325 3488 tene,
341 3417 419 3475 colui
433 3428 543 3476 vestros
558 3417 581 3476 si
596 3437 713 3493 semper
727 3418 861 3490 honoreS,

161 3531 234 3589 quos
249 3526 350 3573 contra
364 3514 521 3574 Aeneadae
537 3516 614 3574 bello
629 3517 725 3574 fecere
739 3517 895 3592 profanos.¹

161 3611 242 3669 Dixit
256 3630 403 3686 opemque
419 3612 467 3670 dei
482 3631 541 3670 non
557 3632 640 3672 cassa
654 3615 683 3671 in
698 3624 767 3672 vota
781 3615 904 3672 vocavit.

162 3709 298 3783 Namque
313 3707 363 3766 diu
378 3709 491 3768 luctans
505 3711 644 3786 lentoque
658 3712 689 3768 in
703 3713 791 3786 stirpe
806 3722 934 3769 moratus

591 3839 623 3872 ⁷⁷⁸
634 3840 659 3884 in
670 3841 736 3885 omit.
753 3842 781 3885 R.
