2742 4284
154 284 214 344 126
542 280 687 345 Camilla
709 283 810 348 Falls.

149 467 251 526 adnuit
266 468 378 540 oranti,
400 465 540 526 reducem
554 483 586 526 ut
600 469 693 544 patria
707 470 766 526 alta
778 467 899 541 videret,

149 582 209 623 non
224 564 315 636 dedit,
331 565 419 639 inque
435 566 531 622 Notos
546 583 651 622 vocem
666 575 777 624 vertere
791 568 946 641 procellae.

151 665 228 738 Ergo
245 673 276 720 ut
290 663 377 720 missa
392 682 480 720 manu
496 664 624 721 sonitum
640 663 723 721 dedit
738 663 821 722 hasta
834 682 887 739 per
899 685 992 736 auras,

149 770 317 818 convertere
332 761 446 817 animos
461 761 534 820 acris
550 761 711 836 oculosque
726 762 816 818 tulere

149 858 248 916 cuncti
263 857 299 914 ad
314 859 445 932 reginam
460 858 568 915 Volsci.
613 859 693 915 Nihil
707 860 771 932 ipsa
783 877 839 916 nec
854 878 941 916 aurae

148 975 205 1014 nec
219 957 329 1014 sonitus
345 966 521 1013 memorant
536 957 677 1014 venientis
692 958 730 1013 ab
744 957 862 1014 aethere
877 958 936 1028 teli,

149 1054 230 1112 basta
244 1054 298 1111 sub
313 1063 457 1111 exsertam
472 1052 570 1110 donec
586 1054 696 1129 perlata
710 1055 847 1129 papillam

148 1152 240 1209 haesit
254 1152 473 1226 virgineumque
489 1151 546 1208 alte
561 1151 634 1208 bibit
648 1161 715 1208 acta
730 1170 873 1210 cruorem.

148 1250 332 1307 Concurrunt
346 1248 477 1324 trepidae
493 1249 616 1306 comites
632 1249 842 1325 dominamque
857 1262 989 1309 ruentem

147 1346 316 1421 suscipiunt.
361 1347 446 1421 Fugit
462 1356 529 1403 ante
544 1347 639 1403 omnis
655 1348 805 1405 exterritus
820 1351 939 1419 Arruns,

147 1444 255 1501 laetitia
269 1445 418 1519 mixtoque
434 1453 527 1526 metu,
539 1462 594 1501 nec
611 1445 668 1501 iam
683 1445 807 1519 amplius
822 1445 921 1502 hastae

147 1541 268 1600 credere
283 1561 339 1599 nec
354 1542 417 1599 telis
432 1560 583 1598 occurrere
599 1543 714 1616 virginis
730 1542 829 1600 audet.

147 1642 191 1697 Ac
204 1640 283 1698 velut
297 1640 352 1711 ille,
368 1640 446 1715 prius
461 1658 549 1714 quam
566 1639 625 1696 tela
639 1640 758 1697 inimica
771 1651 939 1716 sequantur,

146 1739 287 1796 continuo
302 1738 331 1794 in
347 1737 453 1794 montis
468 1755 532 1794 sese
548 1738 628 1794 avius
644 1737 756 1795 abdidit
771 1739 844 1795 altos

146 1837 246 1893 occiso
260 1845 376 1910 pastore
391 1835 475 1910 lupus
491 1853 636 1909 magnove
652 1836 786 1906 iuvenc0,

146 1934 280 1990 conscius
295 1932 414 1990 audacis
429 1932 507 2003 facti,
525 1933 709 2008 caudamque
723 1935 889 1992 remulcens

145 2031 269 2089 subiecit
283 2031 461 2105 pavitantem
476 2040 559 2088 utero
575 2031 718 2106 silvasque
732 2033 852 2108 petivit:

146 2128 225 2186 haud
240 2147 324 2185 secus
339 2147 375 2186 ex
389 2129 481 2186 oculis
496 2147 527 2186 se
544 2129 674 2187 turbidus
690 2130 806 2187 abstulit
821 2133 928 2188 Arruns

146 2235 359 2310 contentusque
373 2227 441 2302 fuga
455 2226 559 2284 mediis
574 2245 605 2284 se
621 2227 778 2285 immiscuit
793 2227 888 2284 armis.

146 2325 199 2381 Illa
214 2343 301 2382 manu
317 2325 444 2382 moriens
458 2324 549 2382 telum
564 2325 658 2394 trahit,
674 2343 741 2382 ossa
755 2324 808 2382 sed
823 2325 897 2382 inter
945 2378 947 2381 .

144 2423 251 2480 ferreus
266 2422 305 2479 ad
320 2433 415 2480 costas
430 2423 488 2480 alto
504 2432 558 2480 stat
568 2423 692 2479 ¹vulnere
709 2442 828 2480 mucro:

144 2521 248 2578 labitur
262 2522 423 2596 exsanguis,
440 2519 575 2579 labuntur
589 2520 694 2596 frigida
708 2521 767 2578 leto

144 2619 262 2691 lumina,
278 2638 438 2694 purpureus
454 2619 604 2694 quondam
621 2620 702 2676 color
716 2638 767 2677 ora
781 2620 905 2694 reliquit.

143 2717 221 2774 Tum
235 2718 278 2774 sic
293 2718 440 2792 exspirans
456 2719 566 2773 Accam
583 2736 620 2773 ex
634 2717 803 2790 aequalibus
817 2736 906 2774 unam

143 2815 310 2890 adloquitur
322 2814 412 2871 fidam
428 2824 496 2870 ante
511 2815 589 2884 alias,
608 2833 683 2888 quae
699 2815 760 2871 sola
774 2815 923 2886 Camillae,

144 2914 262 2987 quicum
277 2912 375 2987 partiri
389 2930 471 2968 curas
483 2932 491 2982 ;
514 2921 601 2985 atque
618 2912 692 2969 baec
708 2912 749 2968 ita
762 2913 853 2969 satur:

144 3015 151 3040 ‘
163 3013 324 3080 Hactenus,
341 3012 421 3066 Acca
435 3028 525 3084 soror,
541 3010 642 3084 potui:
667 3028 746 3068 nunc
760 3010 863 3068 vulnus
878 3011 1017 3068 acerbum

143 3108 271 3178 conficit,
287 3117 316 3164 et
330 3107 456 3164 tenebris
472 3108 639 3182 nigrescunt
656 3108 756 3164 omnia
770 3109 890 3165 circum.

144 3205 246 3281 Effuge
261 3216 290 3263 et
304 3206 377 3262 haec
392 3207 494 3263 Turno
510 3204 650 3263 mandata
664 3206 824 3263 novissima
837 3206 949 3280 perfer:

143 3303 283 3362 succedat
297 3322 413 3379 pugnae
429 3305 632 3378 Troianosque
648 3314 746 3360 arceat
761 3304 840 3361 urbe.

143 3405 265 3477 Iamque
280 3402 363 3458 vale!
407 3403 497 3460 Simul
512 3403 556 3460 bis
571 3401 658 3459 dictis
672 3402 824 3475 linquebat
838 3402 976 3473 habenas,

143 3501 181 3558 ad
195 3511 300 3558 terram
314 3520 375 3558 non
390 3512 496 3576 sponte
512 3499 613 3559 fluens.
656 3501 734 3557 Tum
748 3499 851 3574 frigida
864 3509 928 3558 toto

142 3599 278 3674 paulatim
296 3600 416 3657 exsolvit
431 3618 462 3657 se
479 3617 601 3674 corpore
616 3598 754 3673 lentaque
770 3598 845 3656 colla

142 3707 171 3754 et
185 3708 306 3773 captum
320 3699 380 3756 leto
394 3699 491 3773 posuit
505 3708 602 3773 caput,
618 3717 698 3755 arma
711 3697 887 3770 relinquunt,

142 3796 257 3870 vitaque
273 3814 341 3853 cum
356 3795 465 3871 gemitu
480 3796 552 3870 fugit
566 3795 717 3869 indignata
732 3794 786 3850 sub
800 3795 926 3850 umbras.
