2742 4284
189 259 239 308 111.
253 260 322 325 292]
488 249 606 312 Desire
629 249 664 312 in
686 249 740 312 all
760 247 939 314 Creatum.
1177 265 1238 328 203

189 431 278 492 durus
293 435 397 493 amor?
438 436 554 510 Nempe
571 435 701 511 abruptis
715 435 830 493 turbata
842 434 975 510 procellis

188 540 277 589 nocte
291 542 373 591 natat
387 550 478 590 caeca
491 549 572 590 serus
586 532 677 605 freta3
701 550 790 607 quem
803 550 892 608 super
905 532 1008 607 ingens
1199 530 1242 574 ²⁶⁰

188 638 273 704 porta
285 639 369 687 tonat
383 631 466 702 caeli,
481 639 510 706 et
524 630 652 706 scopulis
667 630 751 687 inlisa
764 630 923 688 reclamant

188 746 334 803 aequora;
357 748 414 788 nec
428 731 523 788 miseri
539 740 661 806 possunt
676 748 813 788 revocare
828 740 963 805 parentes

188 844 244 884 nec
259 828 396 885 moritura
411 845 497 902 super
511 826 620 886 crudeli
635 827 737 886 sunere
751 828 841 902 virg0.

189 923 269 998 Quid
283 925 384 999 lynces
399 925 509 982 Bacchi
524 925 618 982 variae
633 935 663 982 et
676 943 771 1000 genus
785 943 852 982 acre
866 926 1001 1001 luporum

187 1032 274 1097 atque
290 1024 419 1079 canum?
460 1021 539 1096 Quid
556 1040 630 1096 quae
645 1022 778 1080 imbelles
792 1021 863 1080 dant
878 1022 988 1097 proelia
1002 1022 1101 1080 cervi?

188 1118 306 1177 Scilicet
320 1129 388 1176 ante
403 1120 498 1176 omnis
512 1119 590 1176 furor
604 1129 647 1176 est
662 1120 781 1195 insignis
796 1136 956 1194 equarum;

188 1225 217 1274 et
232 1227 362 1275 mentem
376 1218 477 1275 Venus
491 1217 555 1292 ipsa
569 1216 661 1288 dedit,
677 1235 738 1292 quo
752 1227 884 1292 tempore
900 1217 1003 1276 Glauci

188 1313 345 1372 Potniades
361 1315 442 1372 malis
454 1315 586 1372 membra
600 1314 790 1390 absumpsere
805 1313 974 1389 quadn'gae.

188 1412 256 1470 Illas
270 1410 352 1469 ducit
365 1431 448 1470 amor
461 1421 539 1469 trans
554 1411 683 1487 Gargara
697 1422 834 1487 transque
850 1423 1003 1470 sonantem

188 1509 365 1582 Ascanium;
388 1519 525 1585 superant
539 1510 647 1568 montis
661 1520 690 1567 et
705 1509 824 1568 flumina
838 1519 961 1567 tranant.

188 1607 395 1682 Continuoque
410 1605 502 1665 avidis
516 1607 566 1665 ubi
581 1607 698 1665 subdita
711 1607 830 1665 flamma
844 1606 988 1678 medullis,

187 1722 254 1763 vere
269 1705 369 1781 magis
385 1705 454 1780 quia
466 1722 533 1762 vere
549 1706 628 1763 calor
641 1704 718 1763 redit
732 1705 865 1763 ossibus:
889 1705 953 1763 illae

187 1821 238 1862 ore
252 1820 356 1861 omnes
371 1820 471 1861 versae
485 1803 515 1860 in
529 1804 694 1879 Zephyrum
709 1812 786 1861 stant
800 1803 920 1877 rupibus
934 1802 999 1862 altis

188 1909 403 1975 exceptantque
418 1900 488 1958 levis
502 1919 594 1972 auras,
609 1910 639 1958 et
653 1918 742 1976 saepe
757 1901 821 1958 sine
835 1900 899 1958 ullis

187 1997 331 2074 coniugiis
345 2008 433 2056 vento
447 1997 593 2074 gravidae,
608 1999 739 2058 mirabile
754 1998 845 2069 dictu,

188 2114 257 2154 saxa
271 2105 367 2172 peret
381 2096 519 2172 scopulos
534 2106 563 2154 et
578 2095 733 2172 depressas
748 2096 886 2155 convallis

188 2193 350 2269 diffugiunt,
366 2213 436 2265 non,
453 2195 540 2266 Eure,
555 2203 630 2265 tuos,
645 2212 743 2270 neque
758 2194 826 2253 solis
841 2193 880 2252 ad
894 2204 983 2266 onus,

188 2291 218 2349 in
233 2293 348 2350 Borean
363 2291 560 2366 Caurumque‚
576 2302 626 2350 aut
640 2291 720 2350 unde
735 2292 906 2367 nigerrimus
922 2295 1027 2351 Auster

187 2390 315 2448 nascitur
328 2399 357 2447 et
372 2390 470 2464 pluvio
486 2390 637 2447 contristat
648 2390 756 2466 ¹frigore
771 2391 894 2447 caelum.

189 2486 250 2545 Hic
264 2487 395 2559 demum,
412 2486 605 2563 hippomanes
620 2505 690 2545 vero
704 2487 786 2562 quod
801 2488 920 2545 nomine
935 2488 1038 2546 dicunt

187 2594 327 2661 pastores,
344 2585 454 2643 lentum
470 2584 595 2643 destillat
609 2585 647 2643 ab
661 2585 780 2660 inguine
795 2586 880 2655 virus,

188 2683 392 2760 hippomanes,
408 2683 489 2758 quod
504 2701 593 2759 saepe
608 2683 701 2741 malae
715 2684 810 2759 legere
825 2702 969 2741 novercae

188 2782 425 2856 miscueruntque
441 2781 545 2842 herbas
560 2791 590 2841 et
603 2801 661 2841 non
675 2782 795 2840 innoxia
808 2783 905 2840 verba.

228 2870 287 2940 Sed
301 2881 373 2956 fugit
388 2880 508 2952 interea,
523 2880 594 2956 fugit
608 2879 799 2955 inreparabile
814 2890 938 2955 tempus,

188 2978 300 3054 singula
313 2977 385 3036 dum
400 2979 479 3054 capti
494 2979 757 3036 circumvectamur
771 2997 879 3036 amore.

189 3077 260 3134 Hoc
274 3077 342 3134 satis
356 3077 513 3134 armentis:
537 3086 655 3152 superat
669 3094 736 3150 pars
751 3075 840 3133 aitera
853 3094 951 3148 curae,

186 3174 330 3251 lanigeros
344 3175 451 3251 agitare
465 3193 567 3250 greges
583 3175 728 3249 hirtasque
744 3174 878 3248 capellas.

189 3272 249 3330 Hic
263 3271 354 3344 labor,
369 3272 438 3332 hinc
453 3271 570 3330 laudem
585 3272 673 3330 sortes
688 3281 802 3346 sperate
818 3271 924 3331 coloni.

189 3369 255 3428 Nec
269 3388 334 3428 sum
348 3369 437 3428 animi
452 3368 567 3441 dubius,
582 3370 676 3429 verbis
691 3388 727 3427 ea
740 3370 856 3427 vincere
870 3387 1008 3445 magnum

188 3467 325 3542 quamsit
340 3477 370 3525 et
384 3466 512 3542 angustis
527 3466 606 3525 hunc
621 3466 731 3526 addere
745 3467 831 3526 rebus
846 3466 1009 3540 honorem;

188 3563 241 3622 sed
255 3583 303 3623 me
319 3564 435 3622 Parnasi
451 3564 567 3623 deserta
581 3583 634 3640 per
648 3563 740 3622 ardua
755 3563 848 3623 dulcis

188 3672 282 3738 raptat
294 3680 397 3735 amor;
419 3663 496 3722 iuvat
509 3662 550 3722 ire
565 3661 647 3739 iugis,
663 3679 723 3740 qua
736 3661 814 3720 nulla
828 3661 957 3738 priomm

359 3790 393 3825 2⁸³
405 3792 525 3839 Brackets.
541 3793 569 3840 R.
857 3791 895 3826 aaa.
906 3791 939 3824 ato
950 3793 1023 3839 Stars.
1039 3793 1067 3838 R
