2742 4284
133 269 244 332 x1.247.]
322 257 352 318 Τ
348 257 388 319 hc
410 257 574 338 Embassy
596 259 746 321 Retums
757 260 854 342 from
877 259 1043 324 Diomede.
1122 279 1182 342 109

129 441 303 524 praecipuus
318 439 413 524 fragor
427 453 456 502 et
470 443 549 519 longi
563 461 630 519 pars
645 444 772 502 maxima
785 444 890 504 luctus.

131 542 191 601 Hic
205 549 314 600 matres
328 540 508 617 miseraeque
523 560 621 612 nurus,
637 540 685 599 hie
701 560 768 600 cara
781 559 912 602 sororum

128 649 250 716 pectora
264 647 446 696 maerentum
461 639 602 715 puerique
617 639 785 715 parentibus
800 640 863 699 orbi

128 738 224 796 dirum
239 746 429 794 exsecrantur
442 737 551 795 bellum
565 737 714 812 Turnique
730 738 927 813 hymenaeos:

129 837 224 911 ipsum
238 837 327 893 armis
342 836 496 911 ipsumque
511 835 612 894 iubent
627 836 785 894 decernere
799 837 885 904 ferro,

128 934 176 1010 qui
190 950 316 1008 regnum
332 919 431 989 Italiae
447 942 477 990 et
489 933 599 1010 primos
614 933 667 991 sibi
681 944 786 1009 poscat
800 934 935 993 honores.

130 1031 266 1109 ingravat
280 1030 355 1087 haec
369 1048 472 1088 saevus
487 1031 618 1089 Drances
633 1031 786 1108 solumque
799 1034 898 1092 vocari

127 1138 257 1201 testatur,
273 1129 367 1186 solum
382 1126 465 1202 posci
479 1127 509 1186 in
524 1129 683 1186 certamina
697 1130 838 1188 Turnum.

129 1227 224 1285 Multa
238 1226 326 1284 simul
340 1235 444 1284 contra
457 1226 540 1284 variis
554 1227 700 1284 sententia
714 1227 800 1285 dictis

127 1344 179 1401 pro
195 1326 307 1395 Turne,
323 1333 353 1381 et
367 1342 506 1400 magnum
519 1325 636 1400 reginae
650 1342 761 1383 nornen
777 1327 939 1391 obumbrat.

128 1423 219 1480 multa
233 1422 327 1479 virum
342 1421 450 1480 meritis
465 1432 607 1481 sustentat
622 1423 699 1481 fama
713 1425 848 1499 tropaeis.

169 1523 237 1578 Hos
254 1519 329 1578 inter
343 1529 450 1591 motus,
466 1519 566 1578 medio
582 1521 611 1577 in
622 1520 761 1596 flagrante
775 1522 909 1594 tumultu,

129 1637 200 1676 ecce
215 1636 305 1692 super
318 1617 422 1675 maesti
436 1636 542 1693 magna
556 1618 711 1677 Diomedis
727 1620 764 1679 ab
778 1621 849 1679 urbe

129 1716 216 1792 legati
230 1733 372 1790 respousa
385 1715 498 1774 serunt:
521 1716 593 1774 nihil
607 1717 744 1775 omnibus
757 1727 857 1775 actum

128 1824 275 1872 tantorum
291 1813 430 1889 impensis
445 1831 577 1889 operum,
593 1814 633 1871 nil
647 1814 727 1872 dona
740 1834 837 1891 neque
852 1835 953 1875 aurum

129 1932 186 1971 nec
201 1929 323 1987 magnas
337 1911 460 1969 valuisse
475 1930 587 1987 preces,
603 1913 658 1970 alia
672 1932 753 1972 arma
768 1915 877 1973 Latinis
948 1895 951 1901 ¹

129 2010 301 2089 quaerenda
314 2022 363 2069 aut
378 2029 486 2086 pacem
499 2011 627 2068 Troiano
641 2011 679 2068 ab
694 2031 762 2087 rege
777 2012 949 2088 petendum.

131 2111 240 2169 Deficit
255 2110 366 2185 ingenti
381 2109 459 2168 luctu
475 2130 526 2169 rex
541 2112 602 2186 ipse
618 2112 748 2169 Latinus.

132 2211 262 2268 Fatalem
277 2212 398 2267 Aenean
413 2210 566 2267 manifesto
581 2210 702 2267 numine
717 2210 782 2267 ferri

129 2318 272 2370 admonet
286 2315 327 2368 ira
342 2309 431 2368 deum
446 2310 607 2383 tumulique
623 2318 691 2366 ante
705 2327 757 2366 ora
770 2318 912 2366 recentes.

131 2414 210 2486 Ergo
226 2408 383 2467 concilium
400 2426 540 2484 magnum
554 2408 722 2483 primosque
738 2426 857 2464 suorum

130 2507 253 2588 imperio
269 2508 380 2565 accitos
396 2507 452 2565 alta
466 2506 541 2565 intra
554 2506 654 2564 limina
668 2506 756 2581 cogit.

130 2609 188 2668 Otii
203 2624 369 2665 convenere
384 2605 534 2679 fluuntque
550 2603 588 2662 ad
602 2604 682 2678 regia
697 2604 790 2678 plenis

130 2716 209 2764 tecta
226 2706 286 2763 viis.
330 2704 419 2764 Sedet
434 2705 462 2761 in
478 2703 582 2761 mediis
597 2711 627 2759 et
641 2702 784 2760 maximus
798 2721 872 2761 aevo

131 2815 160 2862 et
174 2805 286 2879 primus
301 2802 424 2878 sceptris
438 2801 519 2860 haud
533 2801 609 2859 laeta
623 2801 717 2858 fronte
733 2801 861 2858 Latinus.

132 2905 229 2976 Atque
244 2900 292 2958 hic
307 2900 417 2976 legatos
433 2900 538 2958 Aetola
555 2919 591 2956 ex
605 2886 675 2957 urbe
691 2898 834 2969 remissos

94 3063 95 3066 Ἴ
132 3018 207 3074 quae
221 2995 356 3060 referant.
373 2999 424 3056 sati
439 2999 520 3056 iubet
535 3008 564 3055 et
581 3016 723 3073 responsa
737 2997 864 3072 reposcit

131 3097 234 3155 ordine
249 3109 356 3155 cuncta
370 3115 432 3156 suo.
475 3097 551 3152 Tum
567 3095 644 3152 sacta
658 3096 770 3153 silentia
784 3094 896 3170 linguis,

132 3207 160 3253 et
174 3195 305 3253 Venulus
320 3193 401 3252 dicto
415 3211 521 3269 parens
536 3193 576 3250 ita
590 3193 674 3250 farier
689 3193 768 3249 infit:

173 3293 336 3364 ‘Vidimus
352 3311 370 3350 0
386 3293 474 3360 cives,
490 3290 669 3350 Diomedem
685 3292 848 3366 Argivaque
864 3301 955 3349 castra
1012 3328 1015 3333 -

133 3404 219 3468 atque.
233 3392 288 3450 iter
302 3391 414 3450 emensi
429 3410 513 3449 casus
528 3390 726 3466 superavimus
741 3390 836 3448 omnis

134 3490 365 3566 contigimusque
382 3508 510 3561 manum,
525 3507 582 3564 qua
598 3488 728 3545 concidit
744 3487 798 3544 Ilia
812 3488 905 3544 tellus.

134 3586 185 3644 Ine
201 3587 304 3645 urbem
319 3586 489 3662 Argyripam
503 3587 612 3660 patriae
627 3587 805 3660 cognomine
819 3584 914 3661 gentis

133 3683 225 3742 victor
239 3683 366 3759 Gargani
380 3682 531 3742 condebat
547 3684 662 3760 Iapygis
677 3684 761 3759 agris.

563 3813 596 3846 ²⁴⁷
609 3815 682 3860 arvis.
699 3813 756 3858 Eds.
