2742 4284
107 319 225 382 xlm]
408 307 464 372 He
492 308 595 392 Urges
618 309 704 373 New
726 311 863 392 Efforts.

105 496 274 569 auxilioque
289 494 375 552 urbes
391 495 481 552 Italae
496 495 657 570 populique
671 506 835 572 supersunt,

104 594 150 650 sin
166 604 196 650 et
210 592 345 650 Troianis
361 610 428 650 cum
444 592 536 651 multo
551 594 642 669 gloria
656 595 735 652 venit

104 690 259 766 sanguine,
275 701 342 747 sunt
357 690 410 747 illis
426 709 479 748 sua
491 689 593 749 funera
606 709 718 768 parque
732 711 787 768 per
799 697 895 752 omnis

104 799 287 864 tempestas:
312 806 364 845 cur
377 786 531 846 indecores
547 789 577 847 in
592 790 692 847 limine
706 791 802 866 primo

104 886 284 944 deficimus?
327 885 387 943 Cur
400 895 468 943 ante
483 887 584 945 tubam
599 897 709 946 tremor
721 902 847 964 occupat
862 891 960 947 artus?

105 984 202 1042 Multa
216 982 280 1040 dies
295 980 437 1058 variisque
452 983 533 1042 labor
547 986 693 1044 mutabilis
707 988 771 1044 aevi

104 1082 215 1140 rettulit
229 1082 259 1138 in
275 1081 387 1152 meliuS,
404 1082 511 1140 multos
527 1083 638 1141 alterna
652 1085 781 1142 revisens

104 1181 171 1238 lusit
186 1179 264 1238 etin
279 1178 374 1237 solido
390 1199 485 1238 rursus
502 1182 632 1240 Fortuna
645 1183 761 1241 locavit.

105 1279 176 1335 Non
193 1277 248 1335 erit
263 1277 370 1334 auxilio
385 1277 470 1336 nobis
486 1280 605 1337 Aetolus
619 1290 649 1337 et
663 1281 752 1356 Arpi:

104 1385 134 1433 at
149 1377 308 1450 Messapus
324 1376 376 1432 erit
391 1375 516 1451 felixque
532 1378 706 1436 Tolumnius
720 1389 750 1436 et
764 1397 838 1454 quos

104 1484 148 1531 tot
161 1473 266 1549 populi
282 1473 386 1530 misere
402 1472 503 1546 duces,
520 1494 576 1533 nec
591 1494 679 1552 parva
694 1487 832 1551 sequetur

59 1581 61 1585 '
105 1571 197 1646 gloria
211 1569 343 1628 delectos
359 1571 444 1629 Latio
459 1581 488 1630 et
504 1573 697 1632 Laurentibus
711 1576 794 1649 agris.

106 1670 160 1726 Est
174 1678 205 1725 et
218 1668 394 1726 Volscorum
410 1671 526 1744 egregia
540 1670 578 1729 de
592 1681 680 1746 gente
696 1672 827 1743 Camilla,

105 1785 213 1842 agmen
229 1783 319 1840 agens
334 1767 466 1841 equitum
482 1777 511 1824 et
526 1767 653 1826 florentis
667 1787 735 1826 aere
750 1780 888 1828 catervas.

107 1863 198 1938 Quod
213 1864 238 1920 si
252 1881 300 1920 me
315 1864 410 1922 solum
424 1865 531 1922 Teucri
546 1866 576 1923 iu
591 1867 752 1924 certamina
765 1880 891 1942 poscunt

105 1960 196 2036 idque
211 1961 310 2037 placet
324 1971 497 2037 tantumque
513 1963 599 2022 bonis
614 1965 821 2023 communibus
835 1966 930 2036 obsto,

105 2078 165 2117 non
181 2058 259 2117 adeo
274 2059 326 2118 has
340 2078 429 2118 exosa
445 2079 548 2120 manus
562 2063 693 2121 Victoria
707 2063 787 2138 fugit,

105 2167 136 2215 ut
150 2167 235 2215 tanta
247 2157 407 2232 quicquam
423 2177 476 2234 pro
492 2178 545 2234 spe
561 2169 703 2236 temptare
718 2180 860 2220 recusem.

106 2255 161 2312 Ibo
176 2254 282 2312 animis
296 2265 408 2326 contra,
423 2257 469 2314 vel
484 2275 622 2332 magnum
637 2269 764 2334 praestet
779 2260 921 2318 Achillem

104 2352 241 2427 factaque
257 2353 381 2411 Vulcani
397 2355 531 2414 manibus
546 2357 626 2432 paria
640 2356 743 2415 induat
756 2377 837 2415 arma

104 2449 151 2506 ille
167 2449 245 2506 licet.
287 2449 380 2508 Vobis
395 2452 523 2509 animam
541 2451 618 2510 hanc
633 2471 797 2529 soceroque
812 2456 916 2513 Latino

104 2547 221 2604 Turnus
236 2565 301 2622 eg0‚
319 2547 398 2606 baud
413 2549 462 2607 ulli
477 2559 607 2610 veterum
622 2549 726 2611 virtute
740 2553 897 2624 secundus,

106 2644 221 2702 devovi.
266 2646 394 2705 “Solum
409 2649 525 2706 Aeneas
540 2651 671 2707 vocat”:
695 2661 725 2708 et
738 2660 825 2708 vocet
840 2670 902 2721 oro,

105 2759 161 2800 nec
178 2743 310 2800 Drances
325 2744 432 2819 potius,
448 2746 507 2804 sive
523 2757 566 2804 est
581 2747 656 2806 haec
670 2748 712 2805 ira
726 2747 860 2821 deorum,

105 2851 199 2898 morte
215 2839 284 2912 luat,
300 2842 360 2898 sive
376 2852 419 2900 est
433 2843 522 2902 virtus
538 2854 567 2902 et
582 2846 681 2920 gloria,
699 2847 798 2904 tollat)

146 2938 192 2996 Illi
207 2937 282 2996 haec
296 2939 372 2997 inter
386 2957 417 2998 se
432 2939 528 3000 dubiis
543 2941 581 3000 de
596 2944 683 3002 rebus
698 2945 824 3020 agebant

106 3045 270 3109 certantes;
293 3047 387 3095 castra
402 3040 517 3097 Aeneas
532 3041 686 3116 aciemque
702 3043 858 3102 movebat:

106 3133 224 3191 nuntius
239 3133 350 3209 ingenti
364 3153 417 3210 per
430 3136 509 3212 regia
525 3147 603 3196 tecta
617 3140 742 3197 tumultu

106 3249 176 3289 ecce
191 3231 248 3288 ruit
263 3233 434 3308 magnisque
449 3235 552 3294 urbem
567 3238 723 3296 terroribus
737 3237 848 3313 implet,

105 3329 259 3387 instructos
274 3330 338 3388 acie
353 3331 492 3390 Tiberino
507 3352 525 3390 a
539 3333 657 3392 flumine
672 3336 804 3394 Teucros

104 3427 343 3502 Tyrrhenamque
358 3447 480 3488 manum
495 3431 562 3488 totis
577 3431 759 3491 descendere
774 3434 895 3508 campis.

106 3522 262 3598 Extemplo
277 3524 384 3583 turbati
398 3527 488 3585 animi
503 3547 706 3606 concussaque
721 3532 797 3606 vulgi
869 3597 872 3602 ,

106 3630 225 3696 pectora
239 3631 269 3679 et
283 3620 420 3682 adrectae
435 3625 557 3684 stimulis
572 3627 651 3685 haud
666 3629 801 3686 mollibus
816 3631 883 3686 irae.

107 3720 193 3776 Anna
207 3737 297 3776 manu
310 3719 417 3795 trepidi
431 3733 567 3797 poscunt,
583 3725 678 3783 fremit
693 3745 774 3784 arma
788 3727 930 3798 iuventus,

542 3860 576 3894 ⁴2⁶
586 3863 677 3908 varius.
694 3864 722 3909 R.
