2742 4284
159 309 195 356 11.
208 309 278 373 3961]
479 300 635 363 Enemies
658 302 699 382 of
715 301 768 363 the
800 301 886 363 Vine.

158 485 339 560 parcendum
354 485 469 557 teneris,
485 496 515 543 et
528 486 600 543 dum
615 505 647 544 se
661 488 753 544 laetus
768 486 807 544 ad
821 505 903 544 auras

159 583 269 658 palmes
284 583 342 658 agit
357 583 427 641 laxis
442 601 495 658 per
509 601 613 658 purum
628 584 775 643 immissus
792 584 921 655 habenis
998 605 1007 621 ·

159 681 223 756 ipsa
237 681 299 738 acie
314 680 447 739 nondum
463 681 542 739 salcis
557 681 738 756 temptanda,
749 681 802 740 sed
819 683 903 740 uncis

160 778 325 855 carpendae
340 779 474 837 manibus
488 778 606 837 frondes
623 780 757 855 interque
773 779 924 855 legendae.

159 877 235 935 Inde
250 878 301 936 ubi
315 877 373 934 iarn
388 876 488 934 validis
503 878 654 952 amplexae
672 879 808 952 stirpibus
823 879 918 935 ulmos

159 976 290 1047 exierint,
305 985 366 1032 tum
381 975 488 1050 stringe
504 993 614 1047 comas,
630 984 693 1033 tum
709 975 845 1033 bracchia
858 975 960 1046 tonde,

159 1083 226 1131 aute
241 1072 430 1130 reformidant
445 1073 559 1143 serrum,
577 1081 640 1131 tum
654 1071 784 1148 denique
799 1073 871 1130 dura

159 1189 263 1228 exerce
278 1171 400 1246 imperia
414 1181 443 1228 et
457 1188 553 1228 ramos
569 1188 728 1246 compesce
746 1170 868 1228 fluentis.

199 1268 358 1326 Texendae
373 1287 477 1344 saepes
492 1269 579 1327 etiam
595 1279 624 1326 et
639 1287 731 1344 pecus
747 1287 836 1326 omne
851 1269 1022 1339 tenendum,

159 1368 316 1442 praecipue
333 1366 405 1424 dum
420 1368 499 1424 frons
513 1376 613 1424 tenera
630 1366 850 1441 inprudensque
864 1367 1016 1437 laborum;

159 1465 207 1522 cui
222 1482 308 1539 super
321 1464 454 1541 indignas
470 1464 582 1523 hiemes
597 1465 750 1539 solemque
764 1474 917 1540 potentem

159 1562 302 1620 silvestres
316 1563 360 1620 uri
373 1562 496 1621 adsidue
512 1581 696 1638 capreaeque
712 1581 853 1637 sequaces

109 1703 118 1718 .
159 1660 303 1731 inludunt,
318 1671 476 1736 pascuntur
490 1679 560 1719 oves
575 1660 737 1735 avidaeque
752 1661 902 1719 iuvencae.

160 1759 278 1832 Frigora
292 1777 348 1815 nec
364 1768 476 1816 tantum
492 1777 570 1816 caua
584 1769 723 1816 concreta
737 1760 841 1833 pruina

158 1866 208 1914 aut
222 1858 314 1932 gravis
329 1857 502 1915 incumbens
517 1857 644 1931 scopulis
660 1857 807 1913 arentibus
822 1867 925 1928 aestas,

158 1964 301 2028 quantum
315 1954 354 2011 illi
368 1973 496 2011 nocuere
511 1972 612 2029 greges
627 1953 750 2028 durique
764 1973 910 2012 venenum

159 2050 255 2108 dentis
270 2061 299 2108 et
313 2052 451 2109 admorso
466 2052 577 2126 signata
592 2053 621 2109 in
636 2052 724 2126 stirpe
739 2053 866 2109 cicatrix.

159 2151 229 2207 Non
243 2150 329 2207 aliam
344 2150 383 2207 ob
399 2150 516 2224 culpam
533 2150 651 2207 Baccho
667 2169 757 2224 caper
770 2151 906 2208 omnibus
922 2150 976 2207 aris

158 2247 290 2305 caeditur
304 2258 333 2304 et
347 2257 460 2305 veteres
475 2248 577 2305 ineunt
592 2248 766 2322 proscaenia
778 2248 848 2316 ludi,

157 2346 345 2421 praemiaque
361 2346 484 2419 ingeniis
499 2364 593 2422 pagos
612 2356 641 2404 et
655 2346 786 2421 compita
799 2346 908 2403 circum

156 2443 304 2501 Thesidae
319 2461 453 2518 posuere,
469 2454 557 2518 atque
573 2444 648 2500 inter
662 2445 771 2519 pocula
785 2444 852 2500 laeti

159 2541 292 2600 mollibus
307 2541 336 2598 in
352 2541 441 2615 pratis
456 2551 560 2599 unctos
575 2542 688 2600 saluere
703 2559 756 2616 per
769 2552 855 2599 utres.

159 2640 226 2697 Nec
239 2657 301 2696 non
315 2639 436 2696 Ausonii
449 2640 538 2696 Troia
551 2657 623 2714 gens
639 2640 728 2696 missa
741 2640 838 2697 coloni

158 2737 287 2795 versibus
302 2737 459 2810 incomptis
474 2736 577 2794 ludunt
591 2738 709 2811 risuque
724 2737 828 2807 soluto,

157 2853 268 2910 oraque
283 2834 439 2891 corticibus
454 2845 572 2891 sumunt
587 2834 733 2891 horrenda
747 2835 863 2905 cavatis

158 2943 188 2990 et
202 2942 240 3002 te,
256 2932 382 3000 Bacche,
399 2942 505 2989 vocant
520 2951 572 3008 per
586 2933 716 2990 carmina
730 2933 813 3003 laeta,
829 2932 939 3006 tibique

158 3031 259 3089 oscilla
273 3049 309 3088 ex
323 3031 381 3087 alta
395 3029 578 3105 suspendunt
593 3031 690 3088 mollia
704 3030 784 3104 pinu.

160 3129 241 3186 Hinc
255 3128 351 3186 omnis
365 3128 443 3202 largo
457 3129 593 3202 pubescit
607 3127 694 3185 vinea
707 3128 776 3196 fetu,

158 3227 344 3301 complentur
356 3225 504 3300 vallesque
518 3243 607 3283 cavae
621 3226 769 3301 saltusque
784 3225 919 3300 profundi

159 3335 187 3382 et
201 3342 390 3399 quocumque
406 3323 478 3380 deus
494 3323 603 3381 circum
618 3333 708 3398 caput
722 3324 781 3398 egit
795 3323 959 3381 honestum.

160 3424 238 3497 Ergo
252 3422 305 3479 rite
320 3440 405 3478 suum
420 3421 539 3478 Baccho
554 3421 688 3478 dicemus
703 3421 846 3478 honorem

158 3519 335 3577 carminibus
350 3519 458 3594 patriis,
473 3518 629 3592 lancesque
644 3527 673 3575 et
688 3518 745 3576 liba
759 3520 893 3589 feremus,

159 3627 188 3675 et
202 3615 308 3674 ductus
323 3635 414 3674 cornu
429 3615 515 3674 stabit
529 3633 612 3673 sacer
626 3616 722 3673 hircus
737 3615 775 3672 ad
789 3634 878 3688 aram,

157 3714 335 3791 pinguiaque
350 3714 380 3771 in
394 3714 508 3772 veribus
523 3714 695 3772 torrebimus
711 3724 778 3770 exta
792 3714 927 3772 columis

330 3844 407 3878 ata-tw
416 3845 532 3890 brackets,
549 3847 577 3890 R,
799 3844 832 3877 ⁸7⁹
842 3845 993 3890 admorsum.
1010 3845 1037 3891 R.
