2742 4284
168 267 227 328 106
381 264 411 326 Α
441 263 472 326 T
468 285 542 327 mcc
554 265 619 347 sor
638 265 795 347 Burying
816 264 869 326 the
890 263 994 327 Dead.

164 451 270 509 oratis?
313 449 461 527 Equidem
477 459 507 509 et
520 449 590 509 vivis
606 450 772 509 concedere
787 451 901 509 vellem.

164 547 230 606 Nec
245 548 320 618 veni,
336 548 391 605 nisi
407 547 464 606 lata
479 546 579 606 locum'
594 547 755 623 sedemque
771 547 930 620 dedissent,

164 663 220 703 nec
235 645 344 704 bellum
358 663 426 703 cum
441 654 529 721 gente
544 664 632 721 gero:
656 664 709 703 rex
722 656 820 703 nostra
834 646 948 721 reliquit

165 743 291 818 hospitia
305 753 334 801 et
348 743 439 801 Turni
452 744 549 819 potins
564 761 596 801 se
611 743 737 801 credidit
751 744 846 802 armis

164 841 293 915 Aequius
309 839 376 898 huic
391 841 522 899 Turnum
537 841 629 899 suerat
644 859 674 898 se
690 859 841 917 opponere
856 841 950 898 morti.

165 939 194 998 Si
207 939 316 996 bellum
331 938 412 996 finire
428 957 528 1010 manu,
542 939 565 996 si
580 938 686 1014 pellere
702 939 833 996 Teucros

164 1046 294 1112 apparat,
310 1035 354 1094 bis
370 1053 488 1094 mecum
504 1035 605 1094 decuit
619 1055 794 1094 concurrere
809 1038 891 1094 telis:

164 1134 250 1205 vixet,
266 1133 313 1191 cui
327 1134 416 1193 vitam
432 1133 504 1192 deus
519 1144 568 1192 aut
583 1153 635 1193 sua
649 1134 751 1193 dextra
765 1134 903 1193 dedisset.

165 1233 254 1290 Nunc
268 1233 307 1290 ite
323 1243 352 1290 et
367 1233 477 1290 miseris
493 1234 649 1308 supponite
665 1234 776 1291 civibus
790 1234 908 1308 ignem!

134 1321 138 1328 ¹
166 1332 287 1389 Dixerat
303 1334 426 1390 Aeneas.
473 1331 518 1388 Illi
533 1331 701 1406 obstipuere
716 1332 832 1389 silentes

165 1431 356 1505 conversique
373 1430 474 1488 oculos
490 1431 565 1488 inter
578 1449 609 1488 se
625 1440 713 1504 atque
728 1449 779 1488 ora
793 1431 940 1487 tenebant.

164 1529 241 1585 Tum
257 1529 353 1586 senior
369 1546 544 1603 semperque
561 1528 636 1586 odiis
651 1538 681 1586 et
695 1528 815 1585 crimine
831 1529 963 1585 Drances

165 1627 293 1684 infensus
308 1627 405 1686 iuveni
420 1628 521 1684 Turno
538 1628 580 1684 sic
594 1644 645 1685 ore
661 1627 786 1684 vicissim

165 1744 231 1782 orsa
245 1725 348 1782 refert:
372 1725 418 1784 ‘O
434 1725 511 1782 fama
526 1725 637 1800 ingens,
653 1725 799 1799 ingentior
812 1725 899 1781 armis

165 1823 207 1879 vir
220 1823 355 1893 Troiane,
372 1823 476 1898 quibus
493 1823 575 1880 caelo
591 1833 619 1880 te
635 1821 769 1880 laudibus
784 1823 930 1896 aequem?

167 1920 335 1977 Iustitiaene
352 1921 430 1994 prius
445 1921 531 1978 mirer
544 1921 651 1979 belline
665 1910 819 1978 laborum?

167 2017 230 2074 Nos
244 2035 312 2074 vero
328 2018 401 2074 haec
416 2019 537 2092 patriam
551 2019 623 2094 grati
638 2019 795 2075 referemus
810 2017 849 2075 ad
863 2017 965 2074 urbem

167 2125 196 2171 et
210 2124 248 2186 te,
264 2115 345 2189 siqua
359 2115 436 2172 viam
452 2115 566 2173 dederit
581 2116 705 2186 fortuna,
723 2116 828 2173 Latino

167 2213 319 2288 iungemus
334 2213 413 2288 regi:
437 2222 556 2288 quaerat
571 2213 625 2271 sibi
640 2213 761 2271 foedera
774 2214 899 2270 Turnus.

168 2310 247 2384 Quin
263 2319 292 2366 et
306 2310 398 2368 fatalis
414 2329 564 2369 murorum
579 2310 711 2368 attollere
726 2311 819 2368 moles

167 2426 294 2482 saxaque
310 2408 480 2467 subvectare
495 2409 602 2466 umeris
617 2409 745 2465 Troiana
759 2408 886 2465 iuvabit)

169 2506 288 2564 Dixerat
302 2506 385 2578 haec,
401 2524 520 2581 unoque
535 2524 639 2564 omnes
654 2505 760 2563 eadem
776 2524 825 2562 ore
840 2505 1011 2564 fremebant.

169 2605 216 2662 Bis
231 2622 318 2661 senos
332 2605 470 2679 pepigere
485 2603 548 2662 dies
564 2613 592 2661 et
607 2622 680 2679 pace
696 2614 845 2678 sequestra

168 2719 219 2776 per
233 2701 317 2758 silvas
331 2701 438 2759 Teucri
452 2701 593 2776 mixtique
609 2701 719 2776 inpune
735 2701 831 2759 Latini

168 2817 299 2858 erravere
313 2799 395 2874 iugis.
439 2799 527 2856 Ferro
542 2807 627 2857 sonat
641 2799 699 2856 alta
713 2799 834 2874 bipenni

168 2897 302 2967 fraxinus
319 2906 449 2953 evertunt
465 2905 544 2954 actas
558 2895 603 2954 ad
612 2896 708 2954 sidera
721 2897 818 2971 pinus,

167 2995 273 3052 robora
286 3011 342 3051 nec
358 2993 458 3051 cuneis
473 3003 502 3052 et
517 2993 646 3052 olentem
661 2993 794 3052 scindere
810 2993 932 3051 cedrum

167 3108 224 3148 nec
238 3091 372 3165 plaustris
387 3103 502 3150 cessant
516 3103 632 3151 vectare
647 3093 831 3168 gementibus
846 3111 942 3150 omos.

209 3190 247 3246 Et
262 3188 319 3246 iam
336 3190 426 3246 Fama
439 3191 549 3261 volans,
566 3191 638 3248 tanti
652 3191 826 3266 praenuntia
839 3191 942 3261 luctus,

170 3286 338 3344 Evandrum
354 3287 541 3362 Evandrique
556 3288 662 3347 domos
677 3298 707 3347 et
721 3289 839 3346 moenia
852 3289 952 3363 replet,

168 3401 245 3461 quae
260 3384 351 3442 modo
365 3383 506 3443 victorem
522 3386 605 3443 Latio
621 3387 750 3444 Pallanta
764 3386 882 3444 serebat.

169 3481 298 3540 Arcades
313 3481 351 3538 ad
365 3490 463 3556 portas
477 3493 561 3540 me're
576 3494 605 3542 et
620 3483 657 3542 de
673 3503 754 3546 more
769 3493 883 3542 vetusto

168 3581 301 3639 funereas
315 3598 436 3654 rapuere
451 3580 530 3638 iaces
542 3602 550 3652 ;
572 3581 650 3639 lucet
664 3583 711 3639 via
724 3583 813 3658 longo

169 3677 269 3734 ordine
286 3678 466 3734 danimarum
482 3687 511 3735 et
525 3680 582 3736 late
598 3679 779 3737 discriminat
792 3697 885 3755 agros.

611 3814 643 3845 ¹²⁰
655 3816 705 3859 olli.
721 3815 778 3858 Eds.
