2742 4284
153 343 203 391 111.
216 341 268 404 aa]
430 328 544 393 Choice
566 330 606 409 os
623 327 790 409 Breeding
813 325 926 391 cattle.

151 535 205 592 pes
222 518 328 589 etiam,
351 527 380 574 et
395 515 520 574 camuris
535 515 626 574 hirtae
642 514 696 572 sub
712 513 847 571 cornibus
862 531 954 572 aures.

152 615 219 671 Nec
234 614 304 672 mihi
320 614 473 688 displiceat
488 612 608 671 maculis
624 611 742 686 insignis
757 621 787 668 et
802 612 877 682 albo,

152 728 202 770 aut
216 713 283 788 iuga
297 711 463 770 detractans
478 709 683 783 interdumque
699 727 802 784 aspera
816 728 907 767 comu

152 821 181 866 et
195 810 300 868 facicm
315 819 397 866 tauro
412 808 539 884 propior,
556 824 691 882 quaeque
708 806 799 863 ardua
812 816 874 864 tota

151 918 181 963 et
194 907 329 982 gradiens
344 906 403 964 ima
416 905 501 962 verrit
516 904 636 978 vestigia
650 903 756 960 cauda.

151 1008 240 1062 Aetas
256 1004 397 1062 Lucinam
413 1003 561 1076 iustosque
578 1001 637 1077 pati
653 1001 831 1076 hymenaeos

151 1102 259 1160 desinit
272 1110 339 1159 ante
354 1102 470 1172 decem,
486 1110 553 1176 post
568 1109 705 1173 quattuor
720 1099 822 1174 incipit
835 1118 947 1173 annos;

151 1213 250 1256 cetera
264 1217 320 1257 nec
334 1200 443 1257 feturae
459 1198 562 1256 habilis
576 1216 633 1254 nec
649 1197 729 1254 fortis
746 1197 852 1255 aratris.

153 1299 277 1368 Interea,
292 1307 408 1373 superat
422 1297 556 1372 gregibus
572 1294 643 1352 dum
659 1295 734 1352 laeta
749 1295 888 1366 iuventas,

151 1395 231 1452 solve
245 1414 359 1467 mares,
382 1396 463 1452 mitte
479 1395 508 1451 in
523 1395 669 1450 Venerem
685 1393 824 1467 pecuaria
837 1393 956 1467 primuS,

151 1502 239 1567 atque
254 1493 338 1550 aliam
353 1512 389 1550 ex
403 1493 459 1550 alia
472 1491 641 1566 generando
657 1490 758 1548 suffice
774 1491 897 1564 prolem.

152 1590 273 1666 Optima
286 1608 421 1666 quaeque
437 1589 500 1647 dies
516 1589 625 1646 miseris
644 1588 814 1646 mortalibus
829 1589 892 1645 aevi

150 1688 245 1763 prima
258 1689 347 1763 fugit:
370 1689 495 1746 subeunt
510 1687 604 1744 morbi
619 1686 766 1760 tristisque
784 1696 919 1743 senectus

151 1795 180 1843 et
194 1786 283 1856 labor,
299 1797 328 1845 et
343 1785 432 1843 durae
447 1785 522 1860 rapit
537 1784 727 1842 inclementia
741 1784 850 1841 mortis.

151 1887 272 1958 Semper
285 1894 378 1954 erunt,
395 1902 516 1958 quarum
531 1882 635 1940 mutari
651 1900 775 1956 corpora
791 1882 890 1939 malis:

151 1998 267 2055 semper
281 1981 359 2038 enirn
374 1980 461 2037 refice
478 1999 521 2051 ac,
537 1998 575 2037 ne
590 1989 658 2054 post
673 1979 778 2035 amissa
793 1980 930 2053 requiras,

151 2079 298 2136 anteveni
313 2088 343 2135 et
357 2079 489 2136 subolem
504 2086 637 2134 armento
654 2077 755 2134 sortire
773 2078 937 2149 quotannis.

192 2178 257 2233 Nec
272 2195 332 2234 non
347 2187 376 2233 et
390 2177 490 2251 pecori
505 2185 548 2233 est
564 2174 643 2233 idem
660 2173 785 2232 dilectus
802 2176 917 2248 equino.

149 2275 196 2330 Tu
211 2273 311 2345 modu,
327 2292 401 2348 quos
415 2263 445 2331 in
459 2292 543 2348 spem
559 2283 667 2330 statues
684 2273 853 2331 submittere
868 2275 971 2347 gentis,

149 2371 330 2446 praecipium
345 2373 401 2429 iam
416 2372 486 2429 inde
500 2391 518 2430 a
532 2372 638 2428 teneris
654 2369 794 2445 impende
809 2371 948 2429 laborem.

150 2468 299 2527 Continuo
313 2470 428 2543 pecoris
443 2469 577 2544 generosi
593 2469 688 2543 pullus
704 2469 733 2525 in
749 2469 822 2525 arvis

149 2566 235 2624 altius
250 2567 417 2642 ingreditur,
432 2577 463 2625 et
477 2566 576 2625 mollia
591 2585 674 2623 crura
690 2566 825 2640 reponit,

149 2665 259 2740 primus
274 2674 303 2722 et
317 2665 357 2722 ire
372 2661 451 2722 viam¹
464 2675 493 2722 et
508 2664 608 2722 fluvios
625 2673 769 2738 temptare
784 2665 914 2722 minaces

149 2762 238 2820 audet
252 2772 281 2820 et
296 2763 396 2838 ignoto
411 2781 475 2820 sese
492 2763 676 2820 committere
694 2763 787 2836 ponti,

149 2879 206 2917 nec
219 2879 310 2918 vanos
325 2861 421 2918 horret
436 2861 580 2935 strepitus.
626 2861 670 2917 Illi
685 2860 777 2917 ardua
792 2861 889 2918 cervix

149 2970 341 3034 argutumque
356 2969 453 3034 caput,
469 2958 563 3017 brevis
579 2959 657 3014 alvus
674 2957 822 3032 obesaque
837 2968 926 3033 terga,

149 3056 328 3131 luxuriatque
343 3057 412 3115 toris
427 3057 591 3114 animosum
607 3065 721 3131 pectus
766 3057 894 3113 Honesti

149 3153 284 3227 spadices
299 3155 462 3230 glaucique,
479 3155 560 3213 color
577 3153 750 3211 deterrimus
765 3153 836 3211 albis

150 3261 180 3308 et
192 3252 278 3327 gilvo.
320 3254 405 3325 Tum,
421 3255 505 3330 siqua
519 3274 623 3312 sonum
640 3253 744 3328 procul
758 3271 839 3309 arma
853 3251 971 3324 dedere,

150 3358 222 3406 stare
238 3351 305 3408 loco
320 3352 421 3423 nescit,
437 3352 526 3409 micat
543 3352 658 3410 auribus
675 3363 705 3410 et
719 3351 816 3409 tremit
830 3361 916 3420 artus,

150 3447 364 3523 collectumque
378 3467 514 3524 premens
529 3450 616 3506 volvit
632 3450 685 3508 sub
701 3448 817 3506 naribus
833 3450 940 3523 ignem.

151 3545 250 3603 Densa
264 3545 340 3618 iuba,
357 3557 385 3604 et
400 3547 502 3605 dextro
518 3548 622 3604 iactata
638 3547 783 3605 recumbit
798 3547 828 3603 in
843 3565 943 3619 arm03

148 3653 179 3701 at
192 3643 301 3720 duplex
315 3645 408 3720 agitur
421 3663 476 3720 per
488 3645 604 3704 lumbos
619 3645 712 3720 spina,
729 3655 870 3719 cavatque

149 3741 280 3798 tellurem
295 3752 325 3800 et
339 3742 435 3802 solido
449 3743 572 3820 graviter
586 3753 670 3801 sonat
686 3743 793 3817 ungula
808 3760 909 3801 comu.

580 3873 601 3907 ⁷⁷
611 3874 730 3920 minuunt.
747 3873 774 3917 R.
