2742 4284
148 297 211 359 204
487 278 599 340 Perils
622 279 663 360 os
679 278 732 339 the
754 277 857 342 Flock.
1045 288 1201 352 [Gaoaorcs

147 465 303 524 Castaliam
318 464 398 522 molli
413 463 572 521 devertitur
585 464 679 521 orbita
693 464 776 521 clivo.

148 559 245 634 Nunc,
260 561 427 620 veneranda
442 562 534 632 Pales,
552 579 659 636 magno
674 579 753 619 nunc
769 579 819 618 ore
836 561 1011 620 sonandum.

188 660 335 734 Incipiens
350 659 468 717 stabulis
483 659 570 716 edico
585 658 615 716 in
632 658 766 716 mollibus
782 657 903 716 herbam

147 776 264 832 carpere
280 758 350 828 oviS,
367 757 438 814 dum
454 775 524 814 mox
539 756 677 814 frondosa
691 755 840 813 reducitur
854 765 956 827 aestas,

146 865 175 912 et
190 856 280 912 multa
295 855 398 912 duram
414 855 519 930 stipula
533 854 702 928 filicumque
717 855 851 929 maniplis

146 963 273 1011 sternere
288 954 387 1011 subter
401 952 530 1024 humum,
547 951 656 1026 glacies
670 970 708 1009 ne
723 950 826 1026 frigida
840 951 936 1009 laedat

146 1052 232 1109 molle
248 1069 347 1126 pecus,
363 1050 550 1124 scabiemque
565 1050 637 1106 serat
652 1049 801 1124 turpisque
818 1049 971 1125 podagras.

146 1151 215 1206 Post
230 1148 298 1205 hinc
313 1147 458 1222 digressus
472 1146 560 1204 iubeo
575 1146 741 1204 frondentia
755 1147 849 1221 capris

145 1248 246 1304 arbuta
261 1246 391 1304 sufficere
407 1255 436 1303 et
451 1245 551 1302 fluvios
566 1246 707 1319 praebere
721 1244 856 1315 recentis,

129 1363 131 1367 ·
145 1353 174 1402 et
189 1343 301 1401 stabula
315 1362 332 1400 a
346 1343 437 1400 ventis
453 1342 575 1400 hiberno
591 1360 742 1417 opponere
758 1342 811 1400 soli

145 1440 183 1498 ad
198 1440 328 1498 medium
344 1459 484 1499 conversa
499 1439 587 1512 diem,
603 1458 672 1497 curn
686 1439 806 1514 frigidus
821 1441 891 1497 olim

145 1541 201 1598 iam
217 1538 296 1596 cadit
311 1549 500 1612 extremoque
515 1538 623 1596 inrorat
637 1538 780 1612 Aquarius
795 1557 882 1596 anno.

145 1640 231 1696 Haec
245 1656 363 1712 quoque
379 1655 440 1695 non
454 1655 524 1695 cura
538 1636 623 1694 nobis
637 1636 744 1693 leviore
760 1636 897 1707 tuendae,

144 1755 200 1793 nec
215 1736 309 1793 minor
323 1753 391 1793 usus
407 1734 467 1806 erit,
483 1734 615 1810 quamvis
630 1734 746 1791 Milesia
761 1753 868 1810 magno

143 1834 249 1891 vellera
264 1843 411 1891 mutentur
424 1833 527 1908 Tyrios
542 1832 659 1890 incocta
673 1832 812 1890 rubores:

144 1931 262 1989 densior
277 1931 345 1988 hiric
359 1931 483 2002 suboles,
501 1929 569 1987 hinc
583 1930 653 2004 largi
669 1930 758 2004 copia
771 1930 872 2001 lactis3

143 2048 230 2104 quam
246 2029 336 2104 magis
351 2027 492 2085 exhausto
507 2027 683 2103 spumaverit
697 2028 786 2086 ubere
801 2029 931 2100 mulctra,

142 2127 218 2184 laeta
232 2126 323 2201 magis
337 2125 442 2202 pressis
457 2125 617 2182 manabunt
632 2124 752 2182 flumina
765 2126 910 2182 mammis

144 2225 209 2282 Nec
225 2224 319 2282 minus
334 2225 444 2281 interea
457 2224 562 2281 barbas
576 2223 739 2299 incanaque
754 2233 853 2281 menta

143 2321 278 2398 Cinyphii
292 2321 417 2380 tondent
432 2321 503 2378 hirci
517 2330 670 2395 saetasque
685 2321 830 2378 comantis

141 2439 225 2478 usum
241 2419 271 2477 in
286 2430 444 2477 castrorum
460 2429 490 2476 et
503 2419 614 2476 miseris
628 2419 773 2476 velamina
787 2420 890 2476 nautis.

143 2520 303 2576 Pascuntur
315 2537 384 2575 vero
399 2517 482 2575 silvas
498 2526 527 2574 et
541 2535 655 2574 summa
670 2517 777 2592 Lycaei

142 2616 343 2690 horrentisque
359 2615 446 2673 mbos
462 2625 491 2672 et
505 2614 628 2672 amantis
644 2613 737 2672 ardua
750 2613 872 2686 dumos3

141 2724 228 2788 atque
243 2714 322 2788 ipsae
339 2731 484 2770 memores
499 2711 624 2769 redeunt
639 2712 668 2769 in
683 2722 771 2784 tecta,
786 2730 912 2786 suosque

141 2811 261 2883 ducunt,
277 2821 307 2868 et
320 2809 439 2885 gravido
455 2819 592 2884 superant
605 2810 652 2867 vix
667 2810 756 2866 ubere
771 2809 868 2867 limen.

141 2911 220 2985 Ergo
236 2909 316 2967 omni
331 2907 427 2966 studio
443 2907 566 2982 glaciem
581 2918 744 2983 ventosque
759 2907 870 2977 nivalis,

139 3026 199 3081 quo
215 3008 309 3064 minor
323 3015 366 3064 est
381 3006 433 3063 illis
449 3023 535 3063 curae
551 3005 678 3062 mortalis
695 2988 818 3080 egestaS,

140 3115 259 3176 avertes,
275 3104 441 3179 victumque
456 3103 530 3161 feres
546 3115 574 3161 et
588 3103 686 3179 virgea
700 3104 793 3161 laetus

139 3202 254 3277 pabula,
269 3220 325 3259 nec
339 3210 401 3260 tota
415 3201 533 3259 claudes
548 3202 663 3259 faenilia
677 3202 789 3259 bmma.

140 3304 177 3357 At
191 3318 260 3366 vero
273 3299 411 3374 Zephyris
427 3319 494 3356 cum
509 3300 585 3356 laeta
598 3300 769 3357 vocantibus
785 3310 889 3370 aestaS,

139 3401 168 3457 in
184 3399 271 3456 saltus
286 3407 440 3470 utmmque
456 3415 572 3472 gregem
589 3407 676 3471 atque
692 3397 721 3453 in
736 3415 846 3471 pascua
860 3397 966 3454 mittes.

140 3495 266 3555 Luciferi
279 3495 374 3571 primo
392 3514 458 3552 cum
474 3494 568 3551 sidere
583 3493 686 3568 frigida
701 3512 767 3550 rura

139 3614 300 3670 carpamus,
317 3593 389 3651 dum
405 3611 490 3649 mane
505 3611 623 3664 novum,
640 3591 713 3649 dum
728 3593 859 3666 gramina
873 3601 989 3663 canent,

138 3705 167 3750 et
182 3713 228 3750 ros
243 3693 272 3751 in
288 3702 387 3750 tenera
401 3691 502 3766 pecori
516 3690 695 3764 gratissimus
711 3691 809 3748 herba.

560 3819 591 3851 ³²3
602 3820 682 3864 mittet.
714 3819 770 3864 Eds.
