2742 4284
175 341 235 389 100
380 323 515 390 Combat
536 328 577 408 os
591 327 779 390 Mezentius
801 329 874 390 and
890 329 1031 393 AEneas.
1103 335 1224 403 [AEuem.

171 509 302 568 membra
316 528 477 587 manusque
493 512 593 571 ambas
609 513 709 570 iaculis
723 514 854 571 oneravit
869 514 969 585 acutis,

170 625 236 665 aere
251 618 339 684 caput
354 608 466 684 fulgens
481 609 624 685 cristaque
633 609 764 669 hirsutus
779 611 894 686 equina.

170 704 218 763 Sic
232 723 349 765 cursum
365 706 394 763 in
409 705 524 765 medios
538 706 657 782 rapidus
672 707 773 765 dedit:
797 718 908 767 aestuat
922 710 1024 784 ingens

170 820 230 860 uno
245 803 275 860 in
290 803 379 862 corde
394 803 491 879 pudor
505 804 656 881 mixtoque
671 805 784 863 insania
797 807 886 877 luctu,

170 901 266 976 Atque
281 900 329 958 hic
345 903 467 960 Aenean
483 921 589 979 magna
603 913 647 960 ter
660 921 734 961 voce
749 905 873 962 vocavit.

170 999 285 1056 Aeneas
299 999 418 1074 agnovit
433 1000 512 1058 enim
527 1000 678 1077 laetusque
695 1012 847 1077 precatur:
895 1077 898 1081 ¹

171 1096 236 1154 ‘Sic
250 1105 333 1172 pater
347 1096 394 1154 ille
410 1096 501 1155 deum
517 1098 614 1169 faciat,
629 1098 672 1156 sic
686 1099 760 1156 altus
775 1101 890 1174 Apollo,

170 1193 293 1270 incipias
309 1195 443 1253 conferre
460 1198 598 1254 manum!

169 1283 299 1350 Tantum
313 1292 415 1351 effatus
430 1303 460 1351 et
473 1294 578 1352 infesta
593 1294 671 1353 subit
684 1296 788 1354 obvius
803 1296 893 1356 hasta,

171 1392 223 1451 Ille
239 1402 355 1451 autem:
379 1391 478 1468 ‘Quid
493 1410 541 1450 me
557 1402 669 1468 erepto,
684 1395 860 1466 saevissime,
875 1404 945 1452 nato

170 1492 279 1549 terres?
321 1492 409 1549 Haec
423 1491 469 1548 via
483 1491 547 1549 sola
561 1491 623 1563 fuit,
638 1509 697 1567 qua
711 1492 834 1567 perdere
848 1511 958 1568 posses.

171 1589 238 1648 Nec
252 1598 377 1648 mortem
393 1589 543 1647 horremus
557 1606 615 1646 nec
629 1588 729 1647 divom
744 1591 891 1665 parcimus
904 1591 963 1649 ulli.

171 1688 300 1747 Desine:
323 1705 392 1746 nam
406 1687 493 1744 venio
508 1686 663 1744 moriturus
678 1698 708 1745 et
722 1687 796 1745 haec
811 1689 863 1747 tibi
876 1698 961 1764 porto

170 1785 250 1843 dona
263 1786 363 1860 prius)
409 1784 490 1842 Dixit
505 1783 654 1859 telumque
669 1786 782 1844 intorsit
796 1786 827 1843 in
841 1785 973 1859 hostem;

170 1883 239 1942 inde
254 1883 333 1941 aliud
347 1901 435 1958 super
449 1892 536 1958 atque
552 1882 631 1940 aliud
645 1884 765 1959 figitque
780 1884 914 1960 volatque

170 1981 280 2056 ingenti
295 1999 375 2056 gyr0,
390 1981 443 2040 sed
458 1981 581 2039 sustinet
596 1999 700 2040 aureus
715 1982 815 2041 umbo,
879 1983 882 1986 ’

169 2080 228 2137 Ter
241 2078 350 2137 circum
366 2079 531 2138 adstantem
545 2081 644 2138 laevos
659 2081 797 2154 equitavit
811 2081 840 2137 in
855 2082 941 2139 orbes

170 2177 228 2235 tela
241 2195 330 2235 manu
344 2177 463 2248 iaciens,
479 2187 523 2235 ter
536 2196 638 2236 secum
651 2179 757 2235 Troius
772 2178 857 2236 heros

171 2276 327 2333 immanem
344 2284 442 2333 aerato
457 2276 622 2333 circumfert
635 2277 765 2359 ¹tegmine
780 2277 888 2334 silvam.

172 2372 247 2431 Inde
261 2372 312 2431 ubi
326 2382 369 2431 tot
384 2375 503 2432 traxisse
519 2392 624 2446 moras,
640 2383 684 2431 tot
698 2373 810 2449 spicula
823 2374 922 2431 taedet

171 2471 275 2530 vellere
290 2482 321 2529 et
334 2481 451 2548 urgetur
465 2491 564 2548 pugna
579 2490 752 2548 congressus
766 2472 874 2547 iniqua,

171 2570 261 2628 multa
275 2588 398 2629 movens
412 2571 510 2629 animo
525 2572 583 2630 iarn
597 2569 718 2629 tandem
733 2571 860 2646 erumpit
874 2580 903 2628 et
917 2571 991 2629 inter

170 2668 315 2727 bellatoris
330 2669 398 2744 equi
414 2687 486 2727 cava
499 2679 633 2745 tempora
647 2670 757 2727 conicit
771 2668 892 2726 hastam.

170 2767 258 2825 Tollit
273 2785 304 2824 se
319 2777 465 2826 arrectum
479 2765 646 2843 quadrupes
661 2777 690 2825 et
705 2768 833 2826 calcibus
847 2786 930 2825 auras

171 2865 301 2922 verberat
315 2864 498 2940 effusumque
514 2866 642 2940 equitem
657 2883 746 2941 super
759 2865 822 2941 ipse
837 2875 954 2923 secutus

172 2962 301 3038 implicat
316 2963 472 3038 eiectoque
488 2964 630 3022 incumbit
646 2982 770 3022 cernuus
785 2982 876 3022 armo,

172 3060 308 3119 Clamore
323 3060 487 3120 incendunt
500 3062 615 3120 caelum
628 3063 781 3137 Troesque
796 3062 957 3136 Latinique.

173 3157 297 3216 Advolat
311 3162 426 3219 Aeneas
440 3162 604 3238 vaginaque
619 3161 703 3237 eripit
717 3179 818 3218 ensem

172 3267 202 3317 et
216 3258 391 3334 superhaec
405 3282 410 3317 :
435 3261 512 3320 ‘Ubi
525 3279 604 3319 nunc
622 3261 787 3318 Mezentius
802 3278 870 3317 acer
884 3269 913 3316 et
928 3258 974 3315 illa

172 3355 261 3415 effera
273 3357 316 3416 vis
330 3358 418 3414 animi
428 3359 457 3414 ?’
500 3361 611 3418 Contra
624 3359 799 3436 Tyrrhenus,
815 3368 846 3416 ut
861 3375 943 3415 auras

173 3454 334 3531 suspiciens
349 3455 444 3514 hausit
461 3458 575 3516 caelum
590 3467 779 3533 mentemque
794 3457 922 3531 recepit:

173 3552 296 3612 ‘Hostis
311 3571 417 3625 amare,
433 3553 504 3630 quid
518 3555 674 3630 increpitas
690 3565 872 3629 mortemque
888 3552 1026 3609 minaris?

174 3650 294 3710 Nullum
310 3651 340 3708 in
354 3649 447 3710 caede
461 3653 551 3726 nefaS,
566 3671 624 3711 nec
638 3653 681 3711 sic
695 3651 734 3710 ad
749 3651 859 3728 proelia
873 3650 949 3721 veni,

173 3846 302 3922 etjurr'is
316 3850 443 3924 agitatus
458 3867 546 3905 antor
557 3856 588 3906 et
597 3850 713 3907 comcia
727 3850 829 3907 virtus.
