2742 4284
160 308 285 371 [V.124.]
438 297 540 360 Other
563 296 658 360 Cases
682 298 722 380 of
741 297 940 378 Swanning.

158 482 238 540 Alter
253 484 305 541 erit
320 483 441 541 maculis
456 502 527 540 auro
542 483 741 558 squalentibus
755 483 871 541 ardens.

158 580 237 638 Nam
252 581 314 639 duo
328 591 395 638 sunt
409 599 534 656 genera:
559 581 606 638 hic
621 581 724 638 melior
737 581 856 656 insignis
871 591 900 638 et
915 599 965 639 ore

157 688 187 736 et
201 679 290 736 rutilis
306 680 398 736 clarus
414 679 541 753 squamis
552 660 571 751 3¹
583 679 628 736 ille
644 677 777 737 horridus
792 678 863 735 alter

157 776 272 834 desidia
286 778 431 851 latamque
446 765 715 851 trahens'inglorius
729 776 834 835 alvum.

197 876 239 932 Ut
253 875 339 932 binae
353 893 456 950 regum
470 875 567 946 facies,
584 876 623 931 ita
637 893 761 950 corpora
774 874 876 950 plebis

157 972 295 1046 Namque
310 973 383 1034 aliae
398 982 496 1048 turpes
512 973 639 1044 horrent,
657 990 712 1029 ceu
727 972 846 1048 pulvere
861 973 899 1030 ab
913 972 972 1030 alto

155 1089 224 1127 cum
239 1071 317 1127 venit
332 1080 361 1127 et
375 1071 456 1129 sicco
472 1081 578 1128 terram
593 1072 671 1146 spuit
686 1089 737 1128 ore
752 1071 845 1128 viator

156 1167 273 1240 aridus3
296 1169 414 1226 elucent
429 1169 501 1227 aliae
519 1178 548 1225 et
562 1169 672 1243 fulgore
688 1179 844 1226 coruscant

156 1265 293 1324 ardentes
307 1285 377 1324 auro
392 1277 420 1324 et
435 1267 551 1342 paribus
567 1267 617 1324 lita
630 1284 756 1341 corpora
770 1266 867 1340 guttis.

158 1365 244 1421 Haec
258 1366 355 1439 potior
369 1364 495 1437 suboles,
511 1365 579 1422 hinc
596 1365 669 1422 caeli
684 1374 818 1439 tempore
834 1373 915 1420 certo

157 1461 254 1520 dulcia
269 1462 355 1520 mella
368 1481 494 1538 premes,
509 1481 566 1520 nec
580 1473 694 1520 tantum
708 1461 807 1519 dulcia
821 1471 962 1536 quantum

157 1571 186 1618 et
200 1560 311 1634 liquida
325 1570 354 1618 et
369 1559 474 1618 durum
489 1561 599 1618 Bacchi
615 1560 762 1617 domitura
776 1577 921 1634 saporem.

197 1662 234 1715 At
249 1678 317 1715 cum
331 1659 441 1716 incerta
451 1658 552 1717 volant
567 1659 709 1733 caeloque
725 1657 859 1715 examina
873 1655 988 1727 ludunt,

157 1766 407 1830 contemnuntque
422 1757 503 1814 favos
518 1766 548 1814 et
562 1756 665 1831 frigida
679 1765 759 1813 tecta
772 1755 947 1829 relinquunt,

156 1854 295 1912 instabilis
310 1855 422 1912 animos
438 1854 509 1912 ludo
524 1854 693 1930 prohibebis
707 1855 795 1911 inani.

157 1953 222 2009 Nec
238 1971 360 2027 magnus
374 1953 530 2028 prohibere
545 1954 644 2010 labor:
668 1961 700 2009 tu
713 1952 828 2027 regibus
843 1952 902 2009 alas

156 2051 255 2125 eripe3
277 2069 338 2122 non
353 2051 406 2107 illis
421 2051 575 2126 quisquam
590 2050 796 2108 cunctantibus
811 2051 902 2107 altum

156 2149 197 2204 ire
213 2149 266 2204 iter
280 2158 329 2205 aut
342 2149 443 2206 castris
458 2147 578 2206 audebit
592 2149 697 2206 vellere
712 2148 803 2222 signa

157 2246 284 2303 Invitent
298 2247 410 2303 croceis
426 2246 555 2303 halantes
570 2245 688 2304 floribus
703 2246 788 2317 horti,

157 2353 186 2401 et
201 2353 299 2401 custos
313 2345 407 2401 furum
422 2353 509 2418 atque
524 2345 621 2400 avium
637 2362 705 2401 cum
719 2344 793 2400 falce
809 2341 919 2418 saligna

158 2443 391 2517 Hellespontiaci
406 2453 499 2498 servet
517 2443 606 2498 tutela
621 2442 726 2516 Priapi.

157 2543 225 2615 Ipse
240 2540 372 2615 thymum
387 2540 531 2614 pinosque
546 2540 640 2597 ferens
656 2539 694 2595 de
709 2539 857 2596 montibus
871 2538 935 2595 altis

156 2648 235 2695 tecta
249 2647 324 2694 serat
338 2638 395 2694 late
410 2637 530 2707 circum,
547 2637 594 2692 cui
608 2637 675 2693 talia
691 2653 776 2693 curae
787 2656 796 2707 ;

156 2738 219 2811 ipse
234 2736 331 2794 labore
347 2753 466 2792 manum
481 2734 554 2791 duro
569 2743 651 2805 terat,
667 2735 730 2809 ipse
745 2734 848 2791 feracis

155 2834 225 2910 figat
239 2834 329 2891 humo
343 2834 455 2908 plantas
471 2842 500 2889 et
514 2833 625 2889 amicos
641 2832 746 2909 inriget
761 2832 869 2888 imbris,

197 2934 292 3006 Atque
307 2929 456 3005 equidem,
472 2939 603 2988 extremo
618 2931 648 2987 ni
663 2930 721 2986 iam
736 2929 790 2987 sub
804 2929 862 2986 fine
878 2929 1008 2986 laborum

155 3029 221 3086 vela
233 3029 346 3086 traham
361 3038 390 3086 et
404 3029 484 3086 terris
499 3028 633 3085 festinem
650 3027 801 3085 advertere
816 3045 941 3101 proram,

156 3127 274 3194 forsitan
289 3136 327 3198 et,
342 3127 458 3202 pinguis
474 3126 572 3183 hortos
588 3144 662 3200 quae
679 3144 749 3182 cura
763 3123 880 3182 colendi

156 3225 279 3295 ¹ornaret,
296 3243 442 3295 canerem,
457 3224 599 3299 biferique
613 3223 721 3281 rosaria
736 3223 840 3292 Paesti,

157 3341 275 3398 quoque
290 3324 381 3380 modo
396 3322 472 3396 potis
488 3320 648 3396 gauderent
663 3321 755 3379 intiba
767 3321 833 3378 rivis

156 3431 186 3478 et
199 3420 304 3478 virides
319 3420 387 3494 apio
402 3421 490 3494 ripae,
507 3429 657 3494 tortusque
672 3437 725 3493 per
740 3418 859 3475 herbam

156 3528 301 3577 cresceret
314 3519 344 3575 in
359 3526 489 3575 ventrem
505 3518 654 3589 cucumis;
677 3535 734 3573 nec
749 3535 812 3573 sera
827 3524 996 3574 comantem

155 3617 316 3676 narcissum
331 3626 380 3674 aut
394 3616 460 3673 flexi
475 3617 629 3674 tacuissem
644 3615 740 3672 vimen
756 3614 874 3672 acanthi

155 3715 348 3790 pallentisque
364 3712 488 3772 hederas
504 3724 533 3770 et
547 3713 669 3771 amantis
684 3713 768 3770 litora
781 3721 899 3787 myrtos.

581 3843 612 3876 1²⁰
625 3844 713 3888 intuba.
730 3843 787 3888 Eds.
