2742 4284
176 321 296 390 11.19r.]
549 313 679 379 Nature
701 315 742 399 qs
760 311 857 379 Soils.

176 502 223 557 An
238 517 317 558 mare
331 499 413 577 quod
427 519 514 577 supra
528 518 699 573 memorem,
715 499 857 576 quodque
872 500 962 560 adluit
977 501 1072 560 infra?

175 599 261 654 Anne
276 599 355 657 lacus
370 600 490 657 tantos?
530 600 584 669 Te,
600 599 665 656 Lari
681 600 817 670 maxime,
833 609 930 674 teque,

175 693 310 753 fluctibus
326 706 355 753 et
369 697 483 754 fremitu
498 694 657 770 adsurgens
673 697 791 754 Benace
806 697 941 756 marino?

174 794 220 849 An
236 811 396 851 memorem
412 804 512 869 portus
528 794 714 869 Lucrinoque
729 793 831 852 addita
845 795 970 853 claustra

174 900 262 964 atque
277 890 460 966 indignatum
475 891 588 966 magnis
603 890 774 949 stridoribus
789 911 908 968 aequor,

175 988 249 1045 Iulia
263 1005 322 1062 qua
335 1000 429 1064 ponto
443 990 530 1065 longe
545 998 630 1047 sonat
645 989 726 1047 unda
740 991 838 1048 refuso

134 1077 138 1083 ’
172 1085 400 1161 Tyrrhenusque
414 1087 493 1144 fretis
508 1087 670 1147 immittitur
683 1099 780 1147 aestus
795 1089 939 1148 Avernis?

175 1185 262 1242 Haec
276 1182 382 1243 eadem
396 1185 508 1261 argenti
522 1185 598 1244 rivos
614 1186 748 1261 aen‘sque
763 1188 881 1245 metalla

173 1281 302 1339 ostendit
316 1283 397 1342 venis
412 1293 499 1359 atque
514 1303 586 1342 auro
602 1285 727 1360 plurima
740 1285 829 1343 fluxit.

174 1381 262 1437 Haec
276 1399 368 1455 genus
382 1400 450 1439 acre
464 1382 557 1440 virum
575 1383 691 1440 Marsos
706 1384 875 1457 pubemque
890 1383 1035 1441 Sabellam

172 1477 386 1554 adsuetumque
402 1479 480 1537 malo
495 1481 632 1556 Ligurem
645 1481 830 1556 Volscosque
845 1490 961 1540 verutos

171 1576 283 1648 extulit,
298 1576 373 1635 haec
388 1578 499 1636 Decios
515 1578 625 1636 Marios
641 1597 822 1653 magnosque
836 1578 985 1650 Camillos,

171 1675 321 1750 Scipiadas
336 1675 425 1736 duros
441 1675 517 1734 bello
532 1686 562 1734 et
576 1687 614 1747 te,
631 1677 756 1734 maxime
772 1677 890 1746 Caesar,

172 1773 224 1847 qui
238 1791 317 1830 nunc
332 1774 468 1832 extremis
484 1775 569 1832 Asiae
585 1775 643 1832 iam
657 1774 793 1832 victorin
807 1775 865 1832 oris

170 1870 320 1929 imbellum
333 1873 438 1930 avertis
454 1873 596 1930 Romanis
611 1871 727 1930 arcibus
741 1871 860 1930 Indum.

170 1968 262 2041 Salve,
278 1988 385 2045 magna
399 1987 503 2045 parens
519 1971 642 2044 frugum,
658 1970 790 2028 Saturnia
804 1970 896 2041 tellus,

170 2085 276 2142 magna
291 2067 401 2125 virum:
426 2068 478 2126 tibi
492 2086 537 2126 res
552 2069 689 2142 antiquae
703 2067 797 2126 laudis
812 2078 841 2125 et
855 2078 947 2126 artem

169 2165 328 2240 imgredior
342 2175 460 2224 sanctos
474 2184 560 2223 ausus
575 2166 726 2223 recludere
741 2166 838 2237 fontis,

169 2264 389 2338 Ascraeumque
405 2282 481 2321 cano
497 2265 634 2321 Romana
647 2282 700 2340 per
714 2263 826 2339 oppida
839 2282 966 2343 carmen.

211 2361 301 2418 Nunc
315 2360 398 2419 locus
412 2379 544 2419 arvorum
560 2361 692 2436 ingeniis,
708 2380 784 2436 quae
797 2362 904 2420 robora
918 2362 1035 2436 cuique,

169 2460 233 2535 quis
249 2459 339 2529 color,
355 2469 385 2517 et
398 2477 474 2534 quae
489 2461 526 2517 sit
539 2460 625 2517 rebus
640 2469 743 2517 natura
756 2459 892 2518 ferendis.

172 2557 313 2616 Difficiles
328 2557 454 2632 primum
471 2567 564 2615 terrae
579 2557 728 2632 collesque
743 2558 869 2632 maligni,

169 2658 262 2715 tenuis
278 2655 328 2714 ubi
344 2638 442 2730 argilla
457 2665 486 2713 et
500 2655 631 2713 dumosis
648 2654 775 2713 calculus
789 2655 872 2727 arvis,

169 2755 296 2813 Palladia
311 2753 440 2831 gaudent
455 2754 526 2811 silva
539 2753 647 2811 vivacis
662 2752 764 2810 olivae.

159 2843 285 2911 ¹Indicio
299 2863 344 2912 est
359 2862 452 2910 tractu
468 2869 589 2926 surgens
604 2851 729 2909 oleaster
742 2851 850 2909 eodem

167 2951 306 3026 plurimus
321 2961 349 3008 et
365 2950 445 3009 strati
463 2950 544 3008 bacis
559 2949 736 3007 silvestribus
750 2949 818 3024 agri.

168 3050 295 3123 atquae
310 3048 425 3124 pinguis
441 3047 547 3105 humus
562 3045 702 3120 dulcique
717 3046 824 3120 uligine
838 3045 921 3116 laeta,

168 3145 275 3220 quique
291 3146 427 3221 frequens
443 3145 540 3204 herbis
555 3156 584 3202 et
599 3144 699 3201 fertilis
715 3143 804 3200 ubere
819 3161 948 3218 campus,

168 3243 284 3319 qualem
298 3262 386 3320 saepe
402 3263 475 3301 cava
489 3245 596 3302 montis
613 3242 745 3300 convalle
761 3227 888 3298 solemus

167 3340 339 3416 despicere:
361 3341 419 3399 huc
435 3342 556 3400 summis
571 3342 720 3417 liquuntur
733 3339 853 3414 rupibus
868 3355 969 3398 amnes

168 3437 340 3514 felicemque
355 3440 472 3497 trahunt
489 3439 599 3510 limum,
616 3440 726 3514 quique
744 3437 840 3496 editus
854 3445 951 3493 austro

168 3545 196 3593 et
210 3535 316 3595 filicem
332 3537 425 3594 curvis
440 3536 562 3595 invisam
577 3537 670 3612 pascit
686 3536 802 3593 aratris:

167 3633 215 3690 hic
229 3634 281 3692 tibi
294 3634 474 3710 praevalidus
489 3635 558 3693 olim
574 3636 725 3709 multoque
741 3634 855 3692 fluentis

167 3731 289 3790 sufficiet
304 3733 424 3791 Baccho
437 3733 511 3805 vitis,
527 3732 575 3790 hic
591 3733 689 3790 fertilis
704 3751 787 3804 uvae,

527 3861 559 3897 1⁸²
570 3863 691 3921 dispicere.
708 3864 736 3908 R.
766 3865 814 3909 hoc.
830 3863 859 3909 R.
