2742 4284
176 323 235 368 x11.
247 319 306 382 335]
342 307 471 370 AEneas
490 306 520 368 is
545 306 714 368 Wounded
731 305 770 387 by
784 326 806 367 a
825 305 935 369 Serre!
948 306 1078 369 Arrow.

176 492 371 567 nidoremque
385 491 519 549 ambusta
533 489 624 549 dedit.
667 491 761 566 Super
774 491 837 566 ipse
851 500 970 548 secutus

177 590 336 649 caesariem
350 590 434 646 laeva·
446 589 551 648 turbati
565 588 683 662 corripit
698 587 788 645 hostis

177 690 367 765 inpressoque
382 704 459 762 genu
474 685 569 744 nitens
584 695 676 742 terrae
691 685 820 760 adplicat
832 686 947 760 ipsum:

94 844 98 852 ,
177 787 220 846 sic
233 784 328 861 rigido
342 785 415 842 latus
430 801 500 842 ense
515 781 587 842 sciit.
631 782 791 841 Podalirius
805 783 907 841 Alsum

177 894 325 961 pastorem
340 881 492 957 primaque
507 881 571 938 acie
586 898 639 956 per
653 881 712 939 tela
724 890 868 953 ruentem,

178 1001 248 1041 ense
263 998 389 1056 sequeus
403 978 487 1037 nudo
500 979 739 1054 superimminet:
763 979 809 1036 ille
824 980 918 1037 securi

179 1080 291 1137 adversi
306 1079 431 1137 frontem
446 1076 575 1135 mediam
590 1087 782 1152 mentumque
796 1076 918 1135 reducta

179 1178 274 1236 disicit
288 1187 318 1234 et
331 1193 432 1251 sparso
447 1175 504 1233 late
518 1175 591 1250 rigat
606 1193 688 1232 arma
703 1193 815 1233 cruore.

180 1277 238 1336 Olli
252 1276 325 1334 dura
342 1275 425 1349 quies
440 1275 542 1332 oculos
557 1283 586 1331 et
601 1273 711 1330 ferreus
724 1283 806 1349 urget

179 1392 308 1444 somnus,
324 1373 353 1430 in
368 1382 516 1430 aeternam
531 1370 701 1430 conduntur
715 1372 825 1429 lumina
838 1381 967 1430 noctem.

220 1474 258 1529 At
271 1471 337 1546 pius
354 1473 469 1528 Aeneas
484 1468 617 1528 dextram
631 1468 774 1528 tendebat
787 1469 929 1528 inermem

180 1568 291 1627 nudato
305 1568 401 1643 capite
415 1577 503 1643 atque
518 1585 586 1624 suos
600 1567 729 1625 clamore
743 1567 885 1626 vocabat:

181 1668 267 1742 ‘Quo
281 1665 382 1724 ruitis?
424 1665 545 1738 Quaeve
561 1665 615 1723 ista
627 1683 734 1740 repens
749 1663 897 1723 discordia
910 1667 1020 1741 surgit?

181 1765 209 1824 O
224 1764 360 1822 cohibete
375 1763 450 1821 iras!
494 1764 590 1821 Ictum
604 1762 663 1820 iam
677 1761 782 1820 foedus
796 1772 826 1820 et
841 1781 944 1821 omnes

181 1861 362 1936 compositae
377 1861 476 1936 leges3
499 1861 569 1918 milri
584 1861 627 1918 ius
642 1878 816 1918 concurrere
832 1862 905 1932 soli;

182 1979 228 2018 me
244 1958 328 2017 sinite
343 1969 430 2034 atque
445 1958 555 2016 auferte
571 1968 684 2030 metus3
707 1977 764 2034 ego
778 1957 899 2016 foedera
912 1960 979 2016 saxo

180 2057 264 2116 firma
278 2076 386 2130 manu;
407 2059 540 2115 Turnum
554 2055 665 2114 debent
680 2055 753 2114 haec
769 2057 828 2114 iam
844 2056 914 2114 mihi
927 2057 1029 2114 sacra.’

183 2159 247 2214 Has
261 2157 336 2215 inter
349 2173 446 2228 voces,
461 2154 559 2212 media
573 2155 649 2212 inter
662 2154 731 2212 talia
744 2155 833 2213 verba

182 2274 254 2313 ecce
268 2255 330 2311 viro
345 2252 469 2310 stridens
485 2253 537 2310 alis
552 2251 673 2327 adlapsa
687 2253 791 2327 sagitta
805 2263 850 2311 est

182 2354 326 2411 incertum
341 2370 399 2426 qua
413 2351 495 2425 pulsa
509 2369 607 2420 mauu,
623 2368 683 2424 quo
698 2351 813 2408 turbine
827 2350 941 2421 adacta,

183 2451 247 2525 quis
261 2459 371 2506 tantam
387 2449 502 2506 Rutulis
517 2447 645 2518 laudem,
661 2466 786 2506 casusne
801 2448 923 2519 deusne,
989 2515 995 2526 ι

184 2546 335 2605 adtulerit:
359 2564 459 2621 pressa
472 2555 516 2604 est
531 2545 650 2620 insignis
666 2546 757 2622 gloria
770 2546 847 2617 facti,

182 2664 239 2703 nec
254 2663 318 2702 sese
333 2647 452 2701 Aeneae
466 2644 583 2701 iactavit
597 2644 715 2700 vulnere
730 2644 893 2718 quisquam.

183 2745 297 2800 Turnus
312 2751 344 2799 ut
357 2744 479 2799 Aenean
494 2741 651 2799 cedentem
666 2760 704 2798 ex
718 2742 834 2816 agmine
847 2740 920 2799 vidit

184 2841 371 2915 turbatosque
387 2838 488 2910 duces,
504 2839 600 2897 subita
613 2857 665 2914 spe
680 2838 806 2898 fervidus
820 2839 920 2898 ardet:

184 2939 279 3015 poscit
293 2956 385 3014 equos
400 2946 488 3012 atque
502 2956 584 2994 arma
597 2937 682 2995 simul
697 2937 828 3012 saltuque
843 2939 984 3012 superbus

186 3037 291 3094 emicat
305 3037 335 3094 in
350 3053 465 3092 currum
481 3045 510 3093 et
525 3034 658 3093 manibus
673 3036 791 3093 molitur
805 3035 942 3093 habenas

186 3135 279 3192 Multa
292 3135 385 3191 virum
399 3133 522 3191 volitans
537 3132 588 3190 dat
603 3133 688 3190 fortia
702 3151 827 3208 corpora
842 3135 925 3204 Iset0‚

186 3233 347 3290 semineces
362 3231 450 3288 volvit
464 3231 569 3289 multos
584 3240 633 3288 aut
649 3231 766 3306 agmina
781 3250 864 3290 curru

185 3329 305 3404 proterit
319 3338 369 3386 aut
382 3337 479 3403 raptas
494 3328 670 3403 fugientibus
686 3329 790 3404 ingerit
804 3330 909 3388 hastas.
980 3341 984 3346 ’

187 3427 287 3501 Qualis
302 3426 382 3501 apud
396 3425 485 3501 gelidi
500 3445 568 3483 cum
583 3425 704 3484 flumina
717 3428 851 3486 concitus
867 3429 961 3487 Hebri

186 3525 361 3600 sanguineus
377 3525 494 3581 Mavors
509 3524 605 3599 clipeo
620 3525 753 3600 increpat
767 3536 854 3600 atque
868 3526 987 3584 furentis

187 3622 262 3680 bella
275 3640 397 3679 movens
411 3622 539 3680 immittit
553 3640 646 3697 equos
658 3643 665 3693 3
688 3623 728 3680 illi
741 3641 869 3698 aequore
884 3634 986 3698 aperto

187 3707 255 3777 ante
269 3721 366 3778 Notos
380 3720 604 3795 Zephyrumque
618 3721 738 3793 volant3
760 3721 850 3797 gemit
864 3721 965 3779 ultima
978 3722 1064 3797 pulsu

186 3817 301 3876 Thraca
315 3817 446 3893 pedum3
468 3819 637 3893 circumque
653 3829 731 3878 atrae
747 3819 923 3878 Formidinis
938 3838 989 3878 ora

608 3936 643 3970 ³⁸⁵
659 3939 772 3983 Thraeca.
788 3939 817 3983 R.

1169 321 1231 387 139
