2742 4284
148 348 293 412 V11.210.]
447 337 478 399 T
473 337 584 419 rqjans
607 335 646 398 K
646 333 737 415 indly
761 332 931 396 Received.

148 528 230 602 Quin
245 525 333 583 etiam
350 532 479 582 veterum
495 521 606 597 effigies
621 539 658 578 ex
672 518 776 578 ordine
790 537 909 576 avorum

147 624 299 698 antiquae
315 621 416 694 cedro,
432 620 580 694 Italusque
596 627 738 693 paterque
753 616 875 686 Sabinus

146 721 284 792 vitisator,
300 737 420 777 curvam
434 734 551 776 servans
566 716 621 774 sub
636 716 761 790 imagine
776 715 891 785 falcem,

147 821 346 893 Saturnusque
362 834 452 875 senex
467 815 589 890 Ianique
604 813 736 872 bifrontis
750 813 847 889 imago

145 917 291 974 vestibulo
307 915 449 986 astabant,
467 913 572 988 aliique
589 912 627 971 ab
641 911 752 988 origine
766 929 850 986 reges

145 1015 313 1089 Martiaque
325 1013 365 1071 ob
379 1012 504 1088 patriam
520 1010 681 1086 pugnando
695 1010 813 1068 volnera
827 1010 913 1084 passi.

147 1111 301 1186 Multaque
316 1120 468 1186 praeterea
481 1109 568 1168 sacris
584 1109 614 1166 irl
630 1109 762 1184 postibus
776 1125 865 1177 arma,

146 1209 254 1285 captivi
269 1207 402 1283 pendent
417 1227 517 1266 currus
533 1223 698 1282 curvaeque
713 1223 831 1264 secures

145 1317 176 1364 et
190 1308 294 1364 cristae
309 1307 438 1381 capitum
455 1316 484 1364 et
498 1315 648 1381 portarum
662 1305 792 1379 ingentia
805 1304 929 1362 claustra

145 1405 317 1480 spiculaque
333 1405 479 1480 clipeique
494 1413 653 1478 ereptaque
669 1411 761 1460 rostra
775 1401 887 1460 carinis.

146 1503 215 1576 Ipse
232 1503 373 1576 Quirinali
387 1503 459 1560 lituo
474 1519 620 1578 parvaque
636 1500 759 1558 sedebat

145 1601 313 1658 succinctus
328 1601 429 1658 trabea
442 1601 583 1674 laevaque
598 1598 693 1655 ancile
707 1598 826 1672 gerebat

146 1699 242 1769 Picus,
259 1715 366 1772 equum
382 1696 530 1768 domit0r;
553 1714 641 1771 quem
656 1705 743 1769 capta
757 1694 895 1770 cupidine
911 1696 1040 1753 coniunx

145 1814 234 1853 aurea
247 1814 419 1870 percussum
434 1795 512 1870 virga
529 1811 702 1868 versumque
717 1793 836 1851 venenis

144 1894 217 1951 fecit
231 1911 315 1951 avem
331 1894 416 1952 Circe
432 1893 593 1968 sparsitque
610 1894 755 1951 coloribus
769 1893 837 1950 alas.

143 1991 211 2048 Tali
224 1992 301 2049 intus
315 1991 427 2066 templo
442 1990 541 2048 divom
559 1991 709 2066 patriaque
726 1991 845 2048 Latinus

144 2088 217 2146 sede
233 2089 340 2146 sedens
354 2090 486 2147 Teucros
503 2088 540 2146 ad
558 2107 621 2146 sese
637 2089 667 2146 in
682 2098 761 2147 tecta
775 2089 898 2159 vocavit,

144 2194 234 2262 atque
250 2186 322 2244 haec
339 2187 472 2262 ingressis
488 2185 607 2261 placido
622 2186 701 2261 prior
714 2185 807 2244 edidit
821 2204 871 2245 ore
884 2209 889 2243 :

188 2284 313 2354 ‘Dicite,
330 2283 518 2342 Dardanidae
540 2283 652 2360 (neque
668 2284 748 2341 enim
762 2285 909 2342 nescimus
924 2294 954 2342 et
968 2285 1069 2343 urbem

144 2392 176 2438 et
190 2399 290 2456 genus,
306 2381 457 2456 auditique
473 2381 620 2440 advertitis
636 2399 763 2456 aequore
778 2383 923 2457 cursum),

143 2478 217 2553 quid
233 2479 350 2553 petitis?
392 2479 476 2553 Quae
492 2498 581 2537 causa
594 2488 670 2537 rates
686 2488 735 2537 aut
749 2480 831 2538 cuius
846 2481 958 2555 egentis

142 2576 211 2634 litus
225 2573 264 2632 ad
279 2577 441 2634 Ausonium
456 2586 500 2635 tot
515 2595 568 2652 per
582 2576 658 2635 vada
672 2578 788 2635 caerula
801 2578 899 2636 vexit?

142 2673 210 2731 Sive
225 2691 319 2732 errore
334 2675 397 2731 viae
413 2692 465 2732 seu
480 2676 703 2757 tempestatibus
718 2676 784 2745 acti,

141 2771 241 2846 qualia
256 2773 346 2830 multa
361 2773 431 2829 mari
447 2782 553 2831 nautae
568 2773 716 2849 patiuntur
730 2773 760 2830 in
774 2773 841 2844 alt0,

141 2868 270 2928 fluminis
285 2869 409 2928 intrastis
425 2871 506 2945 ripas·
518 2880 662 2947 portuque
678 2871 795 2941 sedetis,

140 2983 183 3024 ne
196 2967 285 3042 sugite
300 2967 460 3046 hospitium
476 2987 550 3028 neve
565 2969 697 3045 ignorate
714 2970 831 3028 Latinos

142 3064 258 3122 Saturni
273 3074 401 3139 gentem,
419 3065 498 3124 haud
514 3067 611 3125 vinclo
625 3085 682 3125 nec
698 3067 809 3142 legibus
823 3086 956 3142 aequam,

129 3171 248 3286 Jtonte
264 3181 316 3220 sua
330 3164 492 3239 veterisque
509 3165 558 3223 dei
573 3183 604 3224 se
619 3183 701 3224 more
715 3175 876 3224 tenentem.

139 3261 240 3333 Atque
256 3259 394 3334 equidem
411 3263 531 3320 memini
551 3262 645 3338 (fama
659 3273 703 3321 est
719 3263 868 3321 obscurior
883 3264 983 3339 annis)

138 3359 296 3415 Auruncos
311 3358 351 3415 ita
365 3359 439 3416 serre
455 3378 550 3430 senes,
568 3360 611 3418 his
627 3371 706 3421 ortus
721 3371 752 3419 ut
766 3362 839 3435 agris
859 3376 862 3380 ’
879 3421 884 3430 ,

140 3453 299 3513 Dardanus
316 3455 421 3514 Idaeas
438 3458 578 3532 Phrygiae
597 3460 759 3533 penetravit
774 3459 811 3516 ad
827 3460 913 3517 urbes

138 3552 367 3629 Threiciamque
384 3555 512 3626 Samum,
528 3574 604 3631 quae
620 3555 699 3614 nunc
714 3557 914 3614 Samothracia
928 3559 1023 3616 fertur.

140 3649 225 3708 Hinc
240 3650 330 3722 illum,
344 3652 465 3728 Corythi
479 3653 629 3727 Tyrrhena
643 3654 681 3712 ab
696 3654 767 3712 sede
782 3655 955 3729 profectum,

140 3764 230 3804 aurea
245 3765 326 3805 nunc
340 3749 413 3807 solio
429 3750 569 3807 stellantis
584 3750 662 3826 regia
677 3751 750 3808 caeli

347 3876 379 3910 1⁸⁹
389 3846 465 3924 ecums
479 3879 507 3924 R.
748 3879 782 3913 m
799 3881 952 3926 rameseiam.
969 3882 997 3924 a.
