2742 4284
175 272 305 336 1V.398.]
424 264 490 327 She
512 264 643 326 Directs
664 264 750 327 Him
775 275 807 327 to
829 264 978 328 Proteus.

175 448 243 520 ibat,
260 457 290 506 et
303 449 414 525 ingenti
429 460 510 507 motu
526 450 706 526 stupefactus
719 469 861 526 aquarum

175 546 276 604 omnia
289 547 344 605 sub
359 565 466 624 magua
480 547 608 605 labentia
622 547 743 606 flumina
757 560 832 607 terra

175 643 328 719 spectabat
343 643 456 702 diversa
471 645 552 716 locis,
569 645 746 720 Phasimque
763 647 936 722 Lycumque

175 750 205 798 et
218 752 317 816 caput,
333 741 412 799 unde
428 742 500 799 altus
515 743 642 817 primurn
657 763 689 800 se
705 744 830 819 erumpit
845 745 977 820 Enipeus

175 838 255 897 unde
269 847 352 915 pater
365 839 528 910 Tiberinus,
544 849 573 897 et
587 840 666 898 unde
683 841 797 899 Aniena
811 841 920 900 fluenta

174 956 354 1011 saxosusque
370 955 476 995 sonans
492 939 626 1013 Hypanis
643 941 803 1015 Mysusque
819 940 934 1012 CaicuS,

174 1046 204 1094 et
218 1036 336 1113 gemina
350 1045 464 1093 auratus
480 1036 593 1093 taurino
610 1055 721 1094 cornua
734 1039 814 1096 vultu

175 1133 331 1205 Eridanus,
346 1151 406 1208 quo
421 1151 482 1190 non
497 1133 568 1190 alius
583 1151 635 1209 per
650 1135 770 1210 pinguia
783 1135 861 1193 culta

173 1232 203 1290 in
218 1250 297 1289 mare
312 1249 490 1307 purpureum
505 1231 659 1290 violentior
674 1232 766 1291 effluit
780 1234 881 1292 amnis.

174 1331 333 1405 Postquam
348 1340 392 1387 est
407 1330 436 1387 in
451 1329 569 1387 thalami
584 1329 746 1405 pendentia
760 1331 877 1406 pumice
891 1341 971 1390 tecta

173 1438 344 1503 perventum
359 1439 389 1486 et
403 1428 463 1485 nati
477 1428 560 1486 fletus
576 1430 714 1504 cognovit
728 1429 822 1486 inanis

174 1525 297 1600 Cyrene,
314 1526 447 1583 manibus
462 1526 588 1602 liquidos
604 1525 676 1584 dant
690 1527 793 1585 ordine
807 1528 895 1584 fontis

172 1641 338 1698 germanae,
354 1625 502 1698 tonsisque
518 1624 613 1681 serunt
629 1624 767 1682 mantelia
781 1625 872 1697 villis,

173 1738 239 1795 pars
254 1720 346 1794 epulis
361 1731 484 1779 onerant
498 1739 614 1778 mensas
630 1732 659 1779 et
674 1722 762 1797 plena
776 1731 922 1797 reponunt

173 1818 299 1892 pocula;
321 1818 482 1876 Panchaeis
497 1818 670 1876 adolescunt
685 1819 800 1895 ignibus
815 1839 881 1877 arae
894 1841 902 1891 ς

173 1926 202 1973 et
218 1926 309 1973 mater
324 1919 414 1991 ‘cape
431 1917 562 1974 Maeonii
577 1917 727 1974 carchesia
742 1917 870 1975 Bacchi:

172 2014 296 2073 Oceano
310 2014 452 2085 libemus,’
468 2014 516 2071 ait.
560 2015 650 2071 Simul
665 2015 729 2089 ipsa
743 2025 894 2088 precatur,

172 2111 387 2185 Oceanumque
402 2121 514 2187 patrem
529 2130 624 2169 rerum
640 2112 853 2188 Nymphasque
869 2132 990 2185 sororeS,

173 2219 292 2267 centum
307 2228 382 2284 quae
398 2210 490 2281 silvaS,
507 2219 625 2269 centum
641 2229 716 2286 quae
732 2210 852 2268 flumina
866 2222 990 2269 servant.

171 2309 230 2365 Ter
243 2306 355 2382 liquido
369 2307 521 2366 ardentem
534 2307 684 2383 perfundit
697 2318 815 2367 nectare
830 2311 958 2379 Vestam,

171 2415 215 2462 ter
229 2404 345 2462 flamma
359 2404 397 2463 ad
412 2425 558 2464 summurn
574 2407 644 2464 tecti
655 2407 789 2465 subiecta
803 2408 914 2465 reluxit.

171 2503 279 2562 Omine
294 2521 354 2578 quo
369 2504 486 2561 firmans
501 2505 630 2562 animum
645 2506 686 2562 sic
702 2505 804 2581 incipit
820 2506 899 2581 ipsa:

212 2603 283 2659 ‘Est
298 2602 327 2659 in
342 2602 500 2676 Carphatio
517 2603 649 2677 Neptuni
662 2605 775 2678 gurgite
790 2614 870 2662 vates

171 2700 320 2758 caeruleus
336 2701 466 2771 Proteus,
483 2719 621 2775 magnum
636 2702 686 2776 qui
701 2701 830 2777 piscibus
846 2721 955 2777 aequor

170 2809 200 2856 et
214 2798 315 2855 iuncto
329 2797 469 2873 bipedum
486 2816 570 2855 curru
586 2799 704 2856 metitur
718 2817 870 2874 equorum.

172 2896 233 2956 Hic
246 2914 326 2952 nunc
342 2896 495 2952 Emathiae
511 2906 610 2971 portus
625 2897 806 2971 patriamque
821 2898 918 2956 revisit

170 2994 307 3051 Pallenen
319 3014 327 3063 3
350 2994 428 3050 hunc
444 3004 473 3051 et
488 2993 633 3069 nymphae
648 3012 821 3052 veneramur
835 3006 865 3053 et
879 2997 941 3071 ipse

169 3091 352 3166 grandaevus
368 3092 501 3163 Nereus;
524 3092 605 3149 novit
619 3110 747 3167 namque
763 3094 862 3150 omnia
876 3104 965 3166 vates,

170 3207 244 3262 quae
259 3189 324 3260 sint,
341 3207 415 3262 quae
431 3190 544 3260 suerint,
560 3208 635 3264 quae
651 3209 720 3247 mox
734 3201 855 3248 ventura
868 3191 1017 3249 trahantur
1026 3213 1035 3263 ;

170 3286 278 3360 quippe
294 3286 333 3343 ita
348 3287 488 3360 Neptuno
504 3288 597 3344 visum
612 3298 664 3358 est,
680 3289 818 3345 immania
834 3289 915 3346 cuius

169 3393 299 3440 armenta
314 3393 343 3440 et
357 3384 447 3458 turpis
462 3385 556 3458 pascit
571 3386 625 3442 suh
640 3386 751 3460 gurgite
767 3386 887 3460 phocas.

169 3481 230 3537 Hic
245 3482 305 3552 tibi,
321 3490 398 3553 nate,
414 3483 492 3557 prius
507 3482 609 3540 vinclis
624 3483 797 3558 capiundus,
814 3494 844 3541 ut
858 3503 977 3542 omnem

168 3578 305 3652 expediat
320 3580 413 3637 morbi
428 3598 556 3652 causam,
572 3591 753 3656 eventusque
769 3582 921 3640 secundet,

168 3677 245 3734 Nam
261 3677 323 3734 sine
338 3677 366 3734 vi
380 3696 440 3735 non
456 3679 511 3735 ulla
526 3677 607 3736 dabit
622 3690 788 3755 praecepta,
805 3699 902 3754 neque
917 3681 997 3739 illum

282 3805 437 3865 autperfledit.
453 3809 509 3854 Eds.
648 3808 752 3855 mmai.
777 3812 883 3870 suerunt,
894 3813 1030 3857 trahuntur.
1047 3811 1104 3858 Eds.
