2742 4284
116 331 178 379 v11.
191 330 262 394 689]
493 319 571 381 List
593 320 632 401 os
649 317 798 381 Nations.

116 507 302 581 victoresque
317 515 444 564 ostentat
459 524 551 580 equos
566 515 643 563 satus
659 504 789 563 Hercule
804 503 928 580 pulchro

115 604 239 679 pulcher
254 605 421 676 Aventinus,
434 604 587 679 clipeoque
603 603 715 679 insigne
731 613 883 678 paternum

116 711 238 759 centum
254 719 365 777 angues
381 703 567 776 cinctamque
582 702 656 776 gerit
670 701 853 775 serpentibus
869 697 989 775 hydram
1002 719 1010 769 ;

115 799 199 857 collis
214 799 349 857 Aventini
364 800 433 857 silva
446 817 535 874 quem
552 799 637 857 Rhea
651 797 789 856 sacerdos

115 896 253 954 furtivum
268 906 351 972 partu
366 897 419 955 sub
434 897 550 954 luminis
565 894 657 954 edidit
672 915 747 965 oras,

116 995 208 1052 mixta
222 994 280 1052 deo
295 995 406 1066 mulier,
425 1005 581 1070 postquam
599 994 753 1051 laurentia
768 995 861 1051 victor

116 1093 255 1166 Geryone
271 1093 400 1149 extincto
415 1091 580 1167 Tirynthius
595 1091 689 1166 attigit
703 1109 770 1148 arva

114 1190 327 1264 Tyrrhenoque
342 1191 432 1248 boves
447 1190 476 1246 in
492 1189 610 1247 flumine
627 1190 694 1247 lavit
711 1191 847 1248 Hiberas.

116 1287 178 1344 Pila
193 1306 280 1344 manu
296 1305 456 1362 saevosque
472 1297 576 1362 gerunt
591 1288 620 1344 in
635 1287 711 1345 bella
725 1287 848 1345 dolones

115 1395 145 1442 et
159 1385 243 1442 tereti
258 1396 389 1460 pugnant
404 1403 545 1442 mucrone
561 1402 688 1459 veruque
703 1386 826 1443 Sabello.

115 1484 185 1558 Ipse
201 1461 302 1557 pedeS,
319 1493 458 1556 tegumen
472 1492 611 1557 torquens
626 1483 753 1540 immane
769 1483 870 1551 leonis,

113 1579 235 1638 terribili
247 1579 396 1654 impexum
405 1590 490 1638 saeta
496 1598 565 1637 cum
580 1579 716 1638 dentibus
731 1580 803 1638 albis

114 1676 236 1736 indutus
252 1677 350 1751 capiti,
365 1678 406 1734 sic
422 1681 500 1752 regia
514 1689 592 1734 tecta
607 1678 732 1748 subibat,

114 1773 260 1843 horridus,
278 1775 485 1849 Herculeoque
502 1793 617 1833 umeros
633 1776 756 1834 innexus
771 1777 890 1834 amictu.

156 1873 233 1929 Tum
249 1873 357 1946 gemini
372 1873 471 1930 fratres
486 1873 616 1930 Tiburtia
632 1875 749 1931 moenia
763 1874 906 1948 linquunt,

114 1971 208 2028 fratris
223 1970 335 2028 Tiburti
350 1970 459 2027 dictam
474 1972 651 2046 cognomine
667 1982 794 2046 gentem,

114 2068 297 2143 Catillusque
313 2086 438 2142 acerque
454 2069 555 2136 Coras,
569 2070 673 2144 Argiva
688 2071 831 2141 iuventus,

114 2177 144 2225 et
160 2167 284 2242 primam
299 2176 365 2224 ante
380 2166 476 2223 aciem
493 2166 585 2225 densa
600 2166 675 2224 inter
689 2169 747 2225 tela
762 2169 910 2227 feruntur:

113 2283 170 2323 ceu
186 2263 248 2322 duo
263 2265 426 2338 nubigenae
442 2283 509 2322 cum
525 2266 632 2322 vertice
647 2267 754 2323 montis
770 2267 807 2324 ab
821 2267 880 2323 alto

114 2361 303 2421 descendunt
317 2363 456 2434 centauri,
475 2363 625 2420 Homolen
642 2363 823 2438 Othrquue
839 2365 964 2422 nivalem

112 2463 281 2535 linquentes
295 2477 381 2517 cursu
395 2459 499 2534 rapido
512 2481 518 2530 3
542 2460 592 2518 dat
607 2461 743 2518 euntibus
759 2462 861 2535 ingens

112 2560 185 2617 silva
200 2559 299 2616 locum
314 2569 343 2615 et
358 2577 465 2633 magno
481 2557 590 2616 cedunt
606 2559 726 2634 virgulta
741 2559 860 2632 fragore.

156 2657 223 2714 Nec
240 2657 444 2713 Praenestinae
460 2655 596 2713 fundator
611 2647 703 2713 defuit
718 2657 804 2726 urbis,

112 2755 250 2812 Volcano
264 2754 395 2828 genitum
410 2771 518 2826 pecora
533 2754 606 2810 inter
621 2755 745 2829 agrestia
759 2771 858 2828 regem

112 2854 325 2926 inventumque
340 2852 413 2908 locis
427 2853 522 2908 omnis
537 2869 625 2925 quem
641 2850 766 2908 credidit
781 2863 860 2910 aetas

112 2950 269 3008 Caeculus.
315 2950 405 3006 Hunc
420 2949 476 3006 late
491 2949 568 3022 legio
582 2949 736 3006 comitatur
750 2952 886 3023 agrestis:

112 3049 224 3123 quique
239 3049 328 3103 altum
346 3049 499 3104 Praeneste
515 3048 566 3104 viri
581 3048 690 3122 quique
706 3067 772 3104 arva
786 3049 919 3106 Gabinae

114 3145 238 3202 Iunonis
253 3143 440 3220 gelidumque
456 3145 598 3202 Anienem
615 3156 644 3202 et
659 3144 775 3202 roscida
788 3146 854 3202 rivis

114 3243 247 3300 Hernica
262 3260 330 3300 saxa
345 3242 454 3311 colunt,
470 3261 544 3316 quos
561 3242 641 3299 dives
659 3244 790 3318 Anagnia
804 3245 907 3317 pascit,

112 3359 198 3415 quOS,
214 3343 359 3397 Amasene
375 3348 465 3414 pater.
511 3341 580 3396 Non
596 3340 648 3398 illis
663 3342 800 3398 omnibus
816 3359 904 3411 arma,

112 3456 170 3495 nec
185 3438 272 3512 clipei
288 3456 422 3495 currusve
439 3449 563 3495 sonant:
588 3457 653 3512 pars
670 3440 796 3496 maxima
810 3439 931 3513 glandes

111 3536 226 3593 liventis
241 3535 352 3610 plumbi
368 3536 483 3608 spargit,
500 3553 565 3608 pars
580 3536 693 3609 spicula
707 3547 800 3610 gestat

110 3634 181 3692 bina
197 3651 294 3701 mann,
310 3632 460 3706 fulvosque
476 3633 535 3706 lupi
551 3631 588 3689 de
604 3632 679 3706 pelle
695 3635 806 3707 galeros

109 3742 231 3806 tegmen
246 3729 355 3786 habent
370 3730 467 3803 capiti,
483 3730 604 3804 vestigia
618 3729 700 3787 nuda
714 3731 818 3790 sinistri

139 3859 272 3902 ⁶⁶⁸Iberos.
295 3859 326 3902 H.
366 3858 516 3915 tittegi'men.
536 3861 564 3905 R.
604 3859 806 3917 wimpexumos.
827 3864 853 3907 R.
897 3863 929 3896 ⁶⁸¹
941 3863 1003 3921 legio
1013 3866 1066 3910 late.
1083 3867 1139 3911 Eds.
