2742 4284
174 297 233 361 172
468 283 499 344 T
494 283 536 345 lu
557 283 646 364 Fury
668 285 711 365 os
726 284 780 345 tlte
811 284 934 346 Wadi.
1066 291 1222 355 [Gnunuroe

170 468 314 526 frumenta
328 469 357 526 in
371 468 455 526 viridi
469 469 576 544 stipula
589 470 728 527 lactentia
740 472 877 545 turgent?
1179 478 1223 525 ³¹5

170 567 265 640 Saepe
280 584 346 641 ego,
361 585 430 623 cum
445 566 525 623 flavis
539 585 701 624 messorem
715 567 869 625 induceret
881 568 956 625 arvis

170 664 297 738 agricola
310 674 341 721 et
355 665 446 740 fragili
461 665 519 721 iam
533 665 686 740 stringeret
700 664 813 723 hordea
826 666 934 735 cumo,

170 763 270 821 omnia
283 772 437 820 ventorum
450 780 624 819 concurrere
639 763 750 837 proelia
763 762 833 833 vidi,

170 879 246 936 quae
260 860 409 936 gravidam
424 860 481 917 late
496 870 628 935 segetem
642 860 680 917 ab
694 859 842 917 radicibus
855 861 921 917 imis

170 959 325 1018 sublimem
340 959 491 1034 expulsam
505 968 649 1029 eruerent,
664 959 705 1014 ita
717 959 833 1016 turbine
847 959 930 1032 nigro

170 1057 256 1114 ferret
269 1057 386 1131 hiemps
400 1056 590 1130 culmumque
604 1055 702 1113 levem
715 1055 895 1131 stipulasque
908 1056 1040 1113 volantis.

170 1155 264 1229 Saepe
278 1155 368 1211 etiarn
383 1155 559 1211 immensum
573 1154 657 1211 caelo
671 1154 750 1210 venit
764 1171 871 1229 agmen
884 1173 1034 1228 aquarum,

171 1262 200 1310 et
214 1251 332 1310 foedam
346 1252 510 1327 glomerant
523 1261 731 1326 tempestatem
745 1252 884 1310 imbribus
898 1251 966 1308 atris

170 1350 311 1408 collectae
326 1368 364 1407 ex
377 1349 436 1407 alto
451 1349 544 1407 nubes
556 1369 564 1421 ;
586 1350 641 1406 ruit
655 1349 764 1407 arduus
777 1349 887 1419 aether,

171 1458 200 1505 et
214 1448 311 1523 pluvia
324 1448 436 1522 ingenti
451 1457 513 1504 sata
527 1447 603 1504 laeta
618 1447 769 1522 boumque
782 1447 896 1505 labores

170 1545 272 1618 diluit;
294 1545 451 1620 implentur
465 1545 560 1602 fossae
575 1554 605 1601 et
619 1563 692 1602 cava
705 1544 825 1602 flumina
838 1555 975 1602 crescunt

170 1663 240 1702 cnm
254 1644 351 1701 sonitu
365 1642 515 1716 fervetque
530 1642 607 1700 fretis
623 1643 799 1717 spirantibus
812 1661 932 1717 aequor.

172 1743 240 1817 Ipse
255 1751 337 1816 pater
352 1739 450 1798 media
464 1740 632 1798 nimborum
646 1741 676 1796 in
690 1752 779 1797 nocte
793 1759 917 1798 corusca

170 1839 291 1897 fulmina
305 1838 420 1897 molitur
434 1837 555 1895 dextra:
578 1855 638 1911 quo
652 1857 790 1895 maxuma
804 1849 888 1895 motu

171 1947 246 1995 terra
259 1937 374 2008 tremit;
396 1936 495 2011 fugere
511 1935 588 1992 serae
603 1945 634 1992 et
648 1936 780 1993 mortalia
795 1935 887 1993 corda

170 2052 224 2108 per
237 2044 339 2109 gentes
355 2034 470 2091 humilis
485 2033 584 2091 stravit
598 2051 706 2108 pavor:
730 2033 776 2090 ille
791 2033 922 2107 flagranti

171 2143 221 2190 aut
235 2132 335 2189 Athon
349 2142 399 2189 aut
414 2131 585 2207 Rhodopen
600 2141 650 2189 aut
664 2131 723 2188 alta
736 2132 882 2190 Ceraunia
895 2132 955 2188 telo

171 2230 279 2302 deicit3
302 2231 481 2304 ingeminant
496 2229 583 2287 austri
597 2239 629 2287 et
642 2229 832 2287 densissimus
846 2230 958 2300 imber3

171 2347 250 2386 nunc
265 2345 385 2385 nemora
399 2328 509 2401 ingenti
523 2337 622 2398 vento,
638 2346 718 2384 nuuc
732 2328 816 2385 litora
829 2328 981 2404 plangunt.

172 2428 242 2483 Hoc
257 2435 391 2483 metuens
406 2425 478 2482 caeli
494 2443 611 2482 menses
626 2435 655 2482 et
673 2424 769 2482 sidera
782 2443 873 2495 serva,

171 2523 274 2599 frigida
288 2524 402 2582 Saturni
418 2541 481 2580 sese
497 2541 557 2597 quo
572 2524 654 2580 stella
667 2532 820 2598 receptct;

171 2639 244 2696 quos
259 2621 332 2696 ignis
348 2622 431 2678 caelo
446 2621 594 2695 Cyllenius
610 2631 686 2678 erret
702 2622 731 2678 in
745 2621 833 2679 orbis.

172 2719 320 2793 Inprimis
336 2735 473 2775 venerare
490 2717 572 2788 deos
588 2727 675 2792 atque
690 2736 787 2776 annua
802 2737 925 2792 magnae

171 2835 252 2874 sacra
266 2817 340 2873 refer
355 2816 453 2874 Cereri
468 2815 550 2873 laetis
565 2826 701 2890 operatus
716 2816 857 2874 inberbis

171 2925 318 2972 extremae
334 2915 388 2971 sub
404 2931 504 2970 casum
520 2913 633 2984 hiemis,
649 2914 707 2971 iam
721 2931 787 2971 vere
803 2932 915 2971 sereno.

169 3014 247 3069 Tum
261 3013 384 3087 pingues
400 3011 467 3086 agni
482 3021 511 3068 et
525 3020 588 3068 tum
603 3011 771 3068 mollissima
784 3012 860 3083 vina,

170 3119 231 3166 turn
246 3109 341 3166 somni
356 3108 459 3166 dulces
473 3108 642 3183 densaeque
657 3110 688 3164 in
702 3109 850 3166 montibus
864 3109 993 3167 umbrae.

171 3207 287 3265 Cuncta
300 3207 351 3264 tibi
368 3207 506 3264 Cererem
520 3207 613 3281 pubes
628 3207 747 3281 agrestis
761 3206 881 3264 adoret:

170 3304 217 3362 cui
232 3314 264 3361 tu
278 3305 353 3361 lacte
368 3304 448 3361 savos
464 3314 494 3362 et
508 3305 571 3362 miti
586 3304 663 3361 dilue
679 3304 803 3374 baccho,

170 3413 271 3478 terque
287 3421 376 3460 novas
392 3403 502 3459 circum
517 3402 585 3459 felix
599 3411 647 3459 eat
661 3401 757 3459 hostia
770 3403 875 3476 fruges,

170 3501 265 3558 omnis
280 3519 368 3575 quam
385 3499 489 3556 chorus
505 3509 534 3556 et
548 3499 621 3557 socii
635 3500 813 3557 comitentur
827 3511 956 3571 ovantes,

170 3609 199 3657 et
215 3600 353 3657 Cererem
368 3598 496 3655 clamore
511 3608 618 3655 vocent
632 3598 662 3655 iu
676 3607 774 3670 tecta;
796 3617 893 3672 neque
908 3609 975 3655 ante

170 3698 274 3755 falcem
290 3697 408 3754 malinis
423 3698 577 3770 quisquam
593 3707 740 3771 supponat
754 3696 855 3766 aristis,

170 3814 258 3868 quam
274 3795 374 3852 Cereri
388 3803 464 3851 torta
477 3792 628 3850 redimitus
643 3803 778 3866 tempora
792 3813 901 3866 quercu
