2742 4284
148 318 208 379 124
371 300 516 362 Tarchon
540 300 673 362 Rallies
697 300 749 362 tha
771 301 962 364 Etmscans.

144 488 222 562 Ergo
236 487 311 544 inter
325 485 433 544 caedes
448 486 643 561 cedentiaque
658 487 777 561 agmina
789 487 926 544 Tarchon

142 585 230 642 fertur
245 602 323 658 equo
337 585 480 658 variisque
494 585 611 658 instigat
626 585 747 642 vocibus
761 586 829 657 alas,

142 682 261 740 nomine
278 699 424 757 quemque
439 699 557 752 vocans,
572 681 722 755 reficitque
737 683 767 738 in
782 683 893 757 proelia
906 684 1014 758 pulsos.

143 779 234 853 ‘Quis
249 790 353 852 metus,
369 779 397 838 Ο
411 797 572 853 numquam
587 778 714 850 dolituri,
730 780 758 838 Ο
772 798 889 855 semper
902 781 1009 837 inertes

141 877 292 954 Tyrrheni,
308 896 384 953 quae
399 888 479 937 tanta
493 877 596 934 animis
611 876 726 951 ignavia
740 878 839 935 venit?

142 975 265 1033 Femina
279 975 402 1051 palantis
416 976 576 1050 agitatque
591 975 665 1032 haec
679 975 797 1049 agmina
810 977 893 1032 vertit
907 981 912 1032 l

142 1073 210 1147 Quo
225 1073 331 1130 senum
345 1072 454 1147 quidve
471 1073 544 1130 haec
559 1074 685 1147 gerimus
699 1073 758 1130 tela
771 1073 857 1130 inrita
870 1073 1000 1130 dextris?

141 1173 179 1228 At
192 1188 252 1228 non
267 1171 297 1228 in
310 1171 457 1228 Venerem
472 1189 575 1245 segnes
590 1181 793 1246 nocturnaque
808 1171 885 1228 bella

141 1277 189 1325 aut
204 1269 253 1326 ubi
268 1287 356 1326 curva
369 1269 475 1326 choros
491 1268 593 1326 indixit
607 1268 679 1326 tibia
694 1269 812 1339 Bacchi,

141 1376 308 1440 exspectate
323 1366 414 1440 dapes
430 1377 460 1423 et
473 1366 578 1441 plenae
594 1366 702 1441 pocula
716 1385 845 1437 mensae,

140 1463 188 1520 hic
202 1482 292 1534 amor,
308 1464 365 1521 hoc
380 1463 518 1535 studium,
534 1463 606 1521 dum
620 1483 704 1530 sacra
717 1463 865 1522 secundus
879 1464 1024 1540 haruspex

140 1562 253 1620 nuntiet
266 1581 302 1620 ac
316 1562 398 1620 lucos
412 1570 498 1619 vocet
513 1561 607 1619 hostia
621 1562 737 1636 pinguis
751 1563 781 1618 in
796 1562 884 1620 altos!
897 1564 904 1588 '

141 1661 226 1718 Haec
242 1661 343 1718 effatus
358 1679 466 1735 equum
481 1661 511 1716 in
526 1659 650 1730 medios,
666 1661 818 1717 moriturus
833 1661 949 1734 etipse,

139 1759 267 1816 concitat
282 1770 310 1816 et
324 1758 440 1816 Venulo
454 1756 608 1814 adversum
622 1776 654 1814 se
669 1758 801 1816 turbidus
814 1758 898 1815 insert

139 1856 352 1931 dereptumque
368 1855 405 1912 ab
419 1873 498 1930 equo
513 1854 615 1913 dextra
629 1856 835 1930 complectitur
848 1855 963 1914 hostem

139 1965 168 2010 et
182 1954 325 2028 gremium
339 1964 406 2010 ante
422 1972 506 2010 suum
521 1953 611 2011 multa
624 1954 651 2010 vi
667 1955 801 2011 concitus
815 1953 916 2011 aulert.

138 2050 261 2107 Tollitur
274 2050 304 2108 in
318 2051 434 2108 caelum
450 2052 570 2121 clamor,
586 2053 745 2127 cunctique
759 2052 854 2109 Latini

138 2158 308 2206 convertere
322 2149 433 2206 oculos.
475 2150 562 2206 Volat
577 2149 679 2224 igneus
694 2168 822 2225 aequore
836 2149 973 2208 Tarchon

138 2265 218 2304 arma
230 2248 381 2322 virumque
396 2247 491 2304 serens
503 2268 512 2320 3
533 2257 595 2304 tum
611 2266 725 2305 summa
738 2248 828 2322 ipsius
842 2248 880 2306 ab
894 2247 976 2305 hasta

138 2345 273 2420 defringit
287 2346 394 2402 serrum
409 2357 439 2402 et
452 2346 540 2420 partis
557 2347 675 2404 rimatur
689 2356 812 2420 apertas,

137 2462 196 2518 qua
209 2443 311 2502 vulnus
326 2444 410 2500 letale
426 2446 517 2516 serat,
541 2454 644 2502 eontra
659 2444 706 2501 ille
720 2462 885 2519 repugnans

137 2542 259 2600 sustinet
273 2562 290 2599 a
305 2543 403 2617 iugulo
418 2542 551 2600 dextram
568 2552 597 2599 et
610 2543 669 2600 vim
684 2542 790 2600 viribus
804 2543 871 2600 exit.

137 2643 237 2717 thue
252 2641 352 2698 volans
366 2640 422 2698 alte
437 2650 552 2715 raptum
568 2659 636 2698 cum
652 2640 730 2698 fulva
744 2639 903 2699 draconem

136 2741 189 2798 fert
204 2739 300 2814 aquila
314 2737 514 2813 implicuitque
529 2738 621 2813 pedes
636 2749 723 2813 atque
739 2738 883 2813 unguibus
898 2738 998 2809 haesit,

136 2838 251 2894 saucius
266 2847 295 2893 at
309 2851 428 2911 serpens
443 2836 560 2893 sinuosa
574 2836 724 2893 volumina
738 2847 831 2893 versat

136 2933 317 3008 adrectisque
333 2933 430 2991 horret
443 2934 570 3007 squamis
585 2944 614 2992 et
628 2934 724 2992 sibilat
737 2953 797 3004 ore,

135 3032 242 3089 arduus
257 3032 406 3106 insurgens
419 3052 426 3102 ;
448 3031 495 3088 illa
508 3031 588 3089 haud
602 3033 698 3089 minus
713 3041 797 3106 urget
810 3033 928 3090 obunco

135 3131 295 3187 luctantem
310 3141 411 3200 rostro,
426 3130 511 3186 simul
526 3129 644 3186 aethera
657 3130 791 3187 verberat
804 3130 874 3186 alis:

136 3227 214 3286 haud
230 3228 311 3285 aliter
325 3227 464 3302 praedam
479 3227 633 3285 Tiburtum
648 3245 684 3283 ex
698 3228 815 3301 agmine
829 3227 967 3285 Tarchon

136 3336 232 3401 portat
246 3345 345 3383 ovans.
389 3327 481 3383 Ducis
497 3326 664 3400 exemplum
680 3334 877 3398 eventumque
891 3324 984 3382 secuti

137 3422 315 3482 Maeonidae
330 3424 487 3481 incurrunt.
529 3425 606 3482 Tum
621 3423 684 3481 latis
700 3422 818 3480 debitus
832 3426 940 3481 Arruns

135 3522 267 3579 velocem
282 3522 378 3578 iaculo
393 3531 423 3578 et
438 3521 528 3578 multa
541 3524 619 3595 prior
633 3533 694 3579 arte
710 3521 863 3579 Camillam

136 3620 237 3677 circuit
251 3629 282 3677 et
295 3637 370 3694 quae
385 3619 421 3676 sit
435 3619 549 3677 fortuna
564 3620 707 3691 facillima,
725 3629 856 3693 temptat.

136 3717 204 3791 Qua
217 3736 248 3776 se
263 3735 390 3792 cumque
404 3717 501 3775 nuens
515 3718 615 3776 medio
629 3718 693 3776 tulit
707 3717 824 3792 agmine
838 3718 927 3791 virgo,

530 3845 562 3878 7⁸⁸
577 3851 716 3903 exspectare.
733 3847 790 3891 Eds.

1075 313 1196 374 [AEnatn.
