2742 4284
159 288 217 348 128
525 286 556 347 T
551 287 590 348 lze
612 288 738 348 Rutuli
759 287 827 367 Fly.

154 455 235 512 obliti
249 456 349 529 ignoto
365 475 537 532 camporum
552 457 582 514 in
596 457 714 532 pulvere
728 457 869 531 linquunt,

155 552 228 627 Opis
243 551 281 609 ad
295 553 454 610 aetherium
469 555 572 629 pennis
588 553 714 611 aufertur
728 554 896 629 Olympum.

197 651 293 708 Prima
306 651 377 726 fugit
392 650 512 708 domina
526 652 631 708 amissa
639 651 715 708 levis
729 652 775 707 ala
789 651 950 723 Camillae,

155 749 259 806 turbati
274 748 387 825 fugiunt
403 749 510 819 Rutuli,
526 749 597 823 fugit
611 767 679 806 acer
694 750 794 807 Atinas

155 845 328 920 disiectique
345 845 436 903 duces
451 845 632 920 desolatique
646 846 766 920 manipli

155 954 216 1002 tuta
229 954 333 1018 petunt
349 954 378 1000 et
393 944 475 1019 equis
490 944 583 1000 aversi
598 942 637 1000 ad
651 945 769 1001 moenia
782 944 915 1001 tendunt.

157 1042 222 1098 Nec
237 1042 391 1116 quisquam
406 1042 537 1098 instantis
552 1043 683 1099 Teucros
698 1042 846 1116 letumque
862 1043 978 1099 serentis

156 1149 315 1197 sustentare
331 1139 407 1195 valet
421 1140 484 1196 telis
500 1149 550 1196 aut
564 1139 663 1198 sistere
679 1150 791 1210 contra,

74 1259 77 1267 ¹
156 1236 209 1294 sed
223 1237 303 1294 laxos
317 1237 444 1293 referunt
458 1237 564 1294 umeris
578 1237 782 1311 languentibus
795 1257 887 1309 arcus

157 1335 439 1410 quadrupedumque
454 1344 568 1410 putrem
583 1354 668 1392 cursu
683 1337 776 1410 quatit
789 1337 899 1410 ungula
913 1355 1060 1410 campum.

155 1433 287 1489 Volvitur
301 1431 340 1489 ad
354 1452 452 1490 muros
468 1433 589 1507 caligine
604 1432 736 1491 turbidus
752 1443 812 1490 atra

157 1530 257 1606 pulvis,
274 1541 302 1588 et
317 1549 333 1588 e
349 1531 474 1605 speculis
490 1548 644 1604 percussae
660 1540 782 1606 pectora
796 1541 901 1588 matres

156 1629 314 1686 femineum
331 1629 489 1686 clamorem
504 1628 543 1686 ad
558 1629 631 1686 caeli
646 1629 743 1686 sidera
756 1629 868 1687 tollunt.

158 1727 217 1800 Qui
232 1745 316 1783 cursu
331 1735 429 1800 portas
445 1727 529 1800 primi
546 1727 678 1800 inrupere
694 1728 829 1800 patentiS,

158 1823 211 1881 hos
226 1824 344 1880 inimica
358 1841 445 1898 super
459 1824 549 1880 mixto
565 1824 670 1898 premit
685 1825 800 1898 agmine
815 1826 917 1897 turba;

111 1950 113 1953 ·
157 1939 214 1978 nec
229 1921 362 1977 miseram
378 1920 519 1995 effugiunt
533 1931 666 1992 mortem,
682 1921 735 1978 sed
749 1922 847 1980 limine
863 1923 892 1980 in
906 1923 980 1997 ips0,

158 2018 311 2076 moenibus
326 2019 355 2075 in
371 2019 469 2092 patriis
484 2029 570 2094 atque
586 2020 660 2076 inter
674 2029 736 2077 tuta
750 2019 905 2078 domorum

159 2116 265 2174 confixi
280 2117 426 2191 exspirant
440 2117 560 2176 animas.
604 2118 671 2174 Pars
685 2116 821 2174 claudere
836 2128 951 2192 portas:
971 2110 974 2116 ’

158 2233 214 2272 nec
229 2214 315 2271 sociis
330 2215 441 2288 aperire
456 2215 531 2272 viam
545 2233 601 2272 nec
617 2214 771 2272 moenibus
786 2213 895 2273 audent

158 2313 293 2387 accipere
308 2312 424 2382 orantis,
440 2313 586 2387 oriturque
601 2312 761 2369 miserrima
774 2312 881 2371 caedes

159 2409 371 2468 defendentum
386 2410 472 2467 annis
486 2410 580 2468 aditus
596 2411 683 2485 inque
699 2429 779 2467 arma
792 2421 936 2469 ruentum.

159 2507 278 2565 Exclusi
293 2517 360 2564 ante
376 2509 477 2565 oculos
493 2507 763 2582 lacrumantumque
778 2528 830 2566 ora
843 2519 997 2584 parentum

158 2624 224 2681 pars
239 2605 268 2663 in
283 2605 451 2682 praecipitis
465 2604 556 2662 fossas
573 2615 693 2681 urgente
708 2607 791 2663 ruina

158 2704 289 2775 volvitur,
304 2704 439 2762 immissis
454 2721 520 2778 pars
535 2722 625 2761 caeca
639 2713 668 2761 et
682 2705 801 2762 concita
814 2704 900 2762 frenis

159 2803 259 2859 arietat
273 2802 303 2858 in
317 2811 414 2876 portas
430 2811 458 2858 et
474 2800 562 2858 duros
577 2802 661 2859 obice
677 2802 778 2876 postis.

160 2901 247 2974 Ipsae
262 2897 299 2956 de
315 2899 402 2956 muris
418 2917 533 2956 summo
549 2900 707 2957 certamine
722 2909 837 2971 matres,

159 3003 301 3056 monstrat
314 3016 397 3054 amor
409 3017 492 3055 verus
509 2998 627 3072 patriae,
642 3008 674 3056 ut
688 2997 787 3055 videre
803 2999 964 3071 Camillam,

160 3097 217 3154 tela
231 3114 319 3154 manu
333 3095 465 3170 trepidae
481 3096 590 3154 iaciunt
605 3116 639 3155 ac
653 3097 759 3155 robore
774 3096 848 3154 duro

160 3196 304 3272 stipitibus
318 3195 424 3252 sermm
441 3194 619 3269 sudibusque
634 3195 782 3253 imitantur
795 3195 905 3253 obustis

159 3295 334 3371 praecipites
348 3293 517 3368 primaeque
534 3294 607 3351 mori
622 3312 675 3369 pro
691 3293 845 3350 moenibus
859 3292 971 3351 ardent.

201 3396 318 3452 Interea
331 3392 464 3449 Turnum
477 3391 508 3449 in
522 3391 598 3448 silvis
612 3392 794 3449 saevissimus
809 3391 910 3466 implet

160 3493 286 3563 nuntius,
302 3501 331 3548 et
345 3490 441 3548 iuveni
456 3491 605 3565 ingentem
620 3490 673 3548 sert
688 3492 769 3547 Acca
782 3489 955 3547 tumultum:

160 3590 270 3649 deletas
284 3589 458 3647 Volscorum
472 3588 559 3659 acies,
576 3587 718 3646 cecidisse
734 3588 896 3658 Camillam,

159 3690 292 3764 ingruere
307 3687 434 3744 infensos
449 3685 539 3744 hostis
554 3695 584 3744 et
599 3687 695 3744 Marte
709 3683 842 3743 secundo

160 3786 259 3846 omnia
273 3784 455 3859 corripuisse,
471 3793 583 3840 metum
597 3784 656 3842 iam
672 3783 710 3840 ad
725 3783 842 3840 moenia
856 3783 930 3840 ferri.
