2742 4284
122 299 222 362 xta]
410 284 540 348 AEneas
563 283 684 346 Raises
707 304 728 344 a
758 280 890 363 Trophy.

121 474 317 548 bellipotens:
340 480 420 547 aptat
433 471 555 528 rorantis
570 470 712 545 sanguine
727 468 828 525 cristas

122 563 239 644 telaque
255 579 357 626 trunca
371 568 423 625 viri
438 578 467 625 et
481 568 526 626 bis
541 585 593 625 sex
607 566 728 624 thoraca
742 565 866 639 petitum

123 668 346 743 perfossumque
361 665 433 722 locis
450 665 636 740 clipeumque
651 681 689 720 ex
702 681 769 720 aere
784 662 914 718 sinistrae

122 765 249 839 subligat
264 773 352 838 atque
367 780 467 821 ensem
483 763 559 819 collo
573 760 727 836 suspendit
741 760 892 818 eburnam.

122 865 200 920 Tum
215 861 322 932 socios
337 879 465 935 namque
480 860 574 918 omnis
590 878 658 916 eum
673 859 779 933 stipata
792 856 909 931 tegebat

123 960 208 1018 turba
222 958 342 1030 ducum,
358 959 400 1015 sic
416 957 558 1032 incipiens
573 957 705 1014 hortatur
718 955 849 1013 ovantis:

123 1057 275 1114 ‘Maxima
289 1075 335 1114 res
350 1056 463 1128 effecta,
478 1055 530 1113 viri
541 1077 550 1128 5
572 1056 658 1113 timor
671 1054 768 1112 omnis
782 1052 895 1123 abesto,

123 1153 205 1230 quod
220 1163 369 1228 superest:
393 1153 468 1211 haec
482 1161 549 1211 sunt
564 1152 658 1228 spolia
671 1160 701 1210 et
715 1150 753 1208 de
767 1167 836 1225 rege
851 1149 978 1224 superbo

123 1252 278 1328 primitiae,
294 1243 487 1325 manibusque
503 1251 575 1308 meis
591 1249 756 1307 Mezentius
771 1248 819 1306 hic
834 1258 886 1304 est,

124 1351 215 1407 Nunc
230 1350 284 1407 iter
298 1348 337 1406 ad
351 1367 452 1425 regern
466 1348 551 1407 nobis
565 1364 724 1422 murosque
741 1346 870 1405 Latinos.

123 1452 215 1505 Arma
229 1457 328 1523 parate
344 1447 447 1505 animis
462 1455 492 1505 et
505 1464 557 1522 spe
572 1445 750 1521 praesumite
766 1444 883 1516 bellurn,

123 1564 223 1621 nequa
237 1563 320 1602 mora
334 1546 458 1620 ignaros,
473 1543 525 1603 ubi
540 1545 665 1621 primurn
680 1543 785 1602 vellere
799 1543 883 1618 signa

123 1643 282 1701 adnuerint
296 1643 394 1718 superi
408 1643 578 1719 pubemque
594 1642 723 1700 educere
736 1640 845 1711 castris,

125 1740 268 1816 impediat
283 1740 416 1816 segnisve
431 1749 512 1798 metu
526 1740 671 1798 sententia
685 1738 789 1797 tardet.

126 1841 246 1896 Interea
260 1837 357 1895 socios
373 1837 581 1913 inhumataque
597 1854 721 1912 corpora
735 1844 826 1893 terrae

126 1933 311 2006 mandemus,
327 1935 377 2010 qui
392 1933 469 1992 solus
484 1934 578 1993 honos
593 1933 762 1992 Acheronte
776 1932 831 1991 sub
845 1933 904 1991 imo
919 1941 971 1991 est.

126 2035 191 2105 Ite,’
207 2033 256 2104 ait,
277 2033 425 2108 ‘egregias
441 2033 561 2104 animas,
577 2050 652 2108 quae
663 2032 804 2107 sanguine
818 2031 903 2089 nobis

125 2133 203 2189 hanc
218 2131 341 2206 patriam
356 2149 497 2207 peperere
512 2149 575 2202 su0‚
591 2130 730 2189 decorate
745 2130 887 2204 supremis

127 2229 306 2300 muneribus,
323 2239 523 2303 maestamque
540 2227 668 2286 Evandri
682 2228 793 2303 primus
807 2226 845 2284 ad
859 2227 962 2284 urbem

127 2327 257 2385 mittatur
271 2326 376 2398 Pallas,
391 2345 480 2401 quern
495 2345 556 2384 non
570 2326 681 2384 virtutis
696 2336 832 2401 egentem

126 2425 244 2483 abstulit
259 2433 320 2482 atra
334 2424 396 2482 dies
413 2435 441 2481 et
457 2425 556 2482 funere
573 2424 672 2482 mersit
687 2424 815 2481 acerbo!

167 2523 215 2581 Sic
230 2523 270 2579 ait
285 2522 469 2580 inlacrimans
483 2523 644 2598 recipitque
660 2521 698 2580 ad
713 2521 812 2579 limina
825 2539 966 2597 gressum,

126 2639 234 2694 corpus
250 2620 300 2677 ubi
315 2619 442 2678 exanimi
455 2621 584 2696 positum
600 2619 736 2678 Pallantis
750 2622 877 2677 Acoetes

126 2718 259 2776 servabat
274 2718 379 2789 senior,
395 2717 444 2792 qui
460 2717 610 2776 Parrhasio
626 2716 764 2775 Evandro

127 2819 251 2892 armiger
264 2827 332 2875 ante
348 2818 409 2888 fuit,
425 2817 479 2875 sed
493 2836 554 2876 non
568 2819 700 2876 felicibus
714 2835 809 2893 aeque

127 2925 189 2973 turn
205 2934 306 2973 comes
321 2915 457 2991 auspiciis
474 2934 541 2973 caro
556 2915 641 2973 datus
656 2917 717 2974 ibat
731 2916 859 2974 alumno.

127 3015 248 3072 Circum
263 3013 359 3074 omnis
374 3013 572 3088 famulumque
587 3033 691 3072 manus
707 3014 891 3088 Troianaque
906 3012 990 3071 turba

127 3123 156 3169 et
171 3121 315 3169 maestum
330 3111 437 3170 Iliades
453 3112 564 3170 crinem
578 3111 617 3170 de
633 3130 714 3170 more
729 3112 849 3170 solutae.

128 3211 170 3268 Ut
185 3227 254 3267 vero
271 3212 385 3268 Aeneas
400 3210 509 3269 foribus
524 3229 588 3270 sese
602 3211 700 3268 intulit
713 3211 786 3281 altis,

128 3305 278 3382 ingentem
292 3308 435 3382 gemitum
450 3309 540 3368 tunsis
557 3308 596 3366 ad
611 3309 706 3366 sidera
720 3309 824 3366 tollunt

128 3403 306 3479 pectoribus,
322 3415 494 3482 maestoque
509 3407 642 3482 immugit
657 3407 737 3482 regia
749 3406 838 3464 luctu.

130 3501 199 3577 Ipse
215 3511 304 3577 caput
317 3503 394 3561 nivei
409 3503 511 3561 fultum
528 3504 663 3561 Pallantis
678 3513 707 3561 et
722 3522 773 3561 ora

130 3608 162 3657 ut
174 3599 248 3657 vidit
261 3599 377 3675 levique
392 3610 495 3676 patens
510 3603 540 3659 in
556 3612 675 3677 pectore
691 3603 794 3660 vulnus

131 3696 260 3773 cuspidis
274 3699 431 3770 Ausoniae,
445 3699 570 3758 lacrimis
586 3701 625 3758 ita
639 3701 714 3758 fatur
727 3700 846 3760 obortis.

131 3794 251 3866 ‘Tene,'
266 3795 367 3872 inquit,
385 3797 566 3856 ‘miserande
581 3819 662 3875 puer,
679 3819 748 3857 curn
762 3801 837 3857 laeta
851 3799 970 3867 veniret,
