2742 4284
183 313 222 372 82
517 308 654 374 AEneas’
679 310 761 372 Men
784 310 892 374 Land.
1112 321 1235 384 [AEuurr.

182 512 326 588 principio
341 513 427 570 sociis
442 511 540 584 edicit,
557 513 638 588 signa
652 522 812 587 sequantur

181 620 268 684 atque
284 609 397 666 animos
411 619 512 684 aptent
526 611 611 667 armis
626 628 803 685 pugnaeque
819 624 923 688 parent
937 632 977 672 se.

182 710 305 782 Iamque
319 707 348 763 in
364 716 526 782 conspectu
540 707 671 765 Teucros
688 706 776 766 habet
790 718 820 766 et
835 727 887 767 sua
900 721 1002 781 castra,

182 810 260 858 stans
275 798 353 856 celsa
366 799 396 855 in
412 798 524 873 puppi,
547 798 674 872 clipeum
691 816 759 856 cum
774 797 883 858 deinde
898 800 1013 859 sinistra

182 897 283 956 extulit
298 895 460 954 ardentem.
503 895 670 955 Clamorem
685 895 724 954 ad
739 896 835 955 sidera
848 898 955 956 tollunt

184 993 370 1054 Dardanidae
386 1012 402 1052 e
419 993 516 1064 muris,
533 1009 600 1067 spes
616 990 719 1051 addita
732 994 851 1051 suscitat
864 994 928 1065 iras,

182 1095 239 1151 tela
254 1111 341 1150 uranu
356 1093 483 1150 iaciunt:
508 1091 608 1165 quales
624 1090 681 1148 sub
695 1092 821 1150 nubibus
835 1093 902 1150 atris

183 1191 362 1267 Strymoniae
378 1188 449 1247 dant
463 1190 544 1264 signa
561 1207 646 1264 grues
661 1198 749 1263 atque
764 1190 883 1246 aethera
896 1201 1010 1247 tranant

184 1308 251 1347 cum
266 1289 361 1346 sonitu
376 1288 547 1362 fugiuntque
563 1295 649 1344 notos
664 1287 792 1344 clamore
807 1286 948 1345 secundo.

184 1389 222 1445 At
236 1387 346 1445 Rutulo
360 1385 421 1460 regi
437 1383 621 1458 ducibusque
637 1402 675 1441 ea
689 1385 761 1442 mira
774 1383 866 1441 videri

185 1485 329 1555 Ausoniis,
345 1483 442 1542 donec
457 1501 552 1540 versas
568 1482 606 1539 ad
621 1482 706 1539 litora
719 1499 834 1556 puppes

183 1583 341 1659 respiciunt
357 1591 509 1655 totumque
526 1579 622 1638 adlabi
639 1579 778 1663 classibus
793 1598 911 1655 aequor.

186 1681 275 1739 Ardet
290 1699 365 1756 apex
379 1678 468 1754 capiti
483 1678 634 1751 cristisque
650 1695 668 1734 a
682 1678 790 1734 vertice
805 1677 923 1736 flamma

184 1778 313 1837 funditur
327 1786 356 1834 et
370 1785 465 1834 vastos
481 1776 572 1833 umbo
587 1776 678 1833 vomit
693 1793 796 1832 aureus
811 1776 910 1850 ignes:

184 1895 245 1935 non
259 1893 343 1933 secus
359 1893 394 1930 ac
408 1873 519 1948 liquida
534 1872 679 1947 siquando
695 1883 782 1930 nocte
797 1883 933 1932 cometae

185 1973 335 2048 sanguinei
349 1973 469 2046 lugubre
485 1971 589 2029 rubent
605 1981 655 2028 aut
670 1971 758 2029 Sirius
773 1968 867 2042 ardor,

185 2072 231 2129 ille
247 2071 323 2128 sitim
338 2070 515 2143 morbosque
531 2068 626 2126 ferens
642 2068 812 2125 mortalibus
827 2070 928 2144 aegris,

186 2168 312 2226 nascitur
326 2178 355 2225 et
368 2167 451 2224 laevo
467 2166 618 2224 contristat
632 2166 742 2223 lumine
758 2167 880 2224 caelum.

226 2265 319 2326 Haud
333 2276 432 2323 tamen
447 2264 552 2322 audaci
568 2265 669 2322 Turno
685 2263 796 2322 fiducia
810 2265 897 2323 cessit

185 2367 268 2424 litora
282 2364 449 2439 praecipere
466 2373 495 2420 et
509 2362 653 2419 venientis
670 2362 777 2436 pellere
793 2372 875 2420 terra.

187 2462 295 2538 ‘Quod
309 2462 383 2519 votis
398 2461 527 2536 optastis,
544 2459 637 2530 adest,
653 2460 830 2535 perfringere
844 2460 966 2534 dextra;

186 2562 215 2618 in
230 2560 362 2618 manibus
378 2561 457 2618 Mars
472 2559 534 2633 ipse
550 2559 625 2615 viris.
671 2559 760 2615 Nunc
775 2559 907 2635 coniugis
923 2570 984 2618 esto

186 2660 309 2734 quisque
324 2676 392 2716 suae
408 2657 536 2731 tectique
554 2675 674 2727 memor,
692 2675 771 2714 nunc
787 2675 894 2732 magna
906 2659 1011 2716 referto

186 2757 271 2826 sacta,
287 2765 401 2830 patrum
415 2750 524 2812 laudes.
569 2755 653 2814 Ultro
672 2773 858 2813 occurramus
873 2756 911 2813 ad
927 2757 1044 2826 undam,

187 2854 256 2913 dum
272 2854 377 2928 trepidi
392 2854 572 2928 egressisque
590 2853 687 2911 labant
703 2855 824 2930 vestigia
839 2855 939 2930 prima.

187 2951 330 3010 Audentis
346 2951 475 3008 Fortuna
489 2951 586 3021 iuvat‚’

187 3050 261 3108 haec
275 3051 314 3106 ait
329 3059 358 3106 et
372 3067 473 3106 secum
490 3059 591 3120 versat,
610 3068 684 3123 quos
700 3049 808 3109 ducere
823 3061 925 3110 contra

187 3148 233 3206 vel
247 3148 351 3222 quibus
366 3147 500 3204 obsessos
517 3149 610 3222 possit
627 3148 807 3206 concredere
822 3169 929 3210 muros.

228 3248 345 3305 Interea
359 3248 473 3304 Aeneas
489 3248 584 3305 socios
601 3247 638 3305 de
654 3250 802 3323 puppibus
816 3249 879 3306 altis

187 3344 324 3420 pontibus
339 3345 468 3419 exponit.
513 3346 598 3402 Multi
615 3364 728 3403 servare
744 3365 875 3404 recursus

187 3443 348 3518 lauguentis
363 3443 457 3518 pelagi
474 3453 502 3500 et
517 3439 650 3501 brevibus
666 3463 698 3502 se
715 3444 834 3502 credere
849 3445 932 3517 saltu,

188 3559 241 3616 per
254 3559 350 3598 remos
366 3541 419 3597 alii.
463 3540 633 3615 Speculatus
649 3543 733 3600 litora
747 3543 894 3615 Tarchon,

188 3691 266 3749 ultro
280 3692 396 3746 animos
411 3691 487 3746 tollit
498 3691 580 3748 dictas
595 3699 681 3766 alque
697 3692 833 3768 increpat
844 3692 921 3750 ultro

303 3831 336 3866 Ν
350 3831 409 3878 viri.
432 3833 463 3878 H.
601 3832 634 3866 281
650 3834 743 3892 referte.
766 3835 794 3880 R.
930 3833 964 3867 ²⁸⁸
979 3837 1073 3893 egressi.
1094 3836 1127 3884 H.
