2742 4284
156 293 216 370 184
454 293 558 376 snm
580 294 621 375 os
647 293 786 356 various
810 294 907 358 sous.

152 477 199 536 hic
213 478 315 550 laticis,
330 479 447 555 qualem
461 480 568 556 pateris
583 480 706 538 libamus
721 491 751 538 et
764 500 844 553 auro,

150 576 258 635 inflavit
272 597 341 635 cum
354 578 470 654 pinguis
487 578 559 637 ebur
573 579 741 654 Tyrrhenus
754 579 793 638 ad
807 599 880 652 aras,

150 675 281 733 lancibus
296 686 325 733 et
340 675 446 751 pandis
462 676 602 734 fumantia
618 676 770 735 reddimus
784 688 861 737 exta

149 773 199 830 Sin
213 784 345 830 armenta
359 775 451 849 magis
469 773 597 832 studium
613 774 777 850 vitulosque
790 776 865 834 tueri

149 880 198 928 aut
212 871 310 928 ovium
324 872 399 930 fetus
414 881 465 930 aut
479 872 588 930 urentis
604 872 683 931 culta
700 873 837 948 capellas,

148 969 236 1028 saltus
251 980 281 1032 et
293 971 381 1028 saturi
395 971 490 1046 petito
506 971 666 1047 longinqua
679 972 810 1044 Tarenti,

148 1077 178 1124 et
192 1067 307 1142 qualem
322 1067 421 1126 infelix
436 1068 532 1126 amisit
548 1069 671 1126 Mantua
685 1088 826 1144 campum

147 1175 319 1239 pascentem
332 1166 433 1223 niveos
449 1166 575 1226 herboso
589 1166 709 1224 flumine
724 1185 854 1244 cycnos:

146 1279 208 1320 non
222 1262 325 1338 liquidi
337 1264 473 1339 gregibus
488 1264 593 1336 fontes,
608 1283 669 1323 non
682 1266 818 1340 gramina
831 1265 955 1324 deemnt
963 1286 973 1338 3

147 1370 177 1419 et
191 1347 332 1435 quantum
346 1361 438 1436 longis
454 1372 575 1437 carpent
589 1373 724 1420 armenta
737 1362 850 1435 diebus,

146 1458 251 1534 exigua
265 1469 377 1517 tantum
391 1459 505 1535 gelidus
519 1478 566 1518 ros
581 1471 669 1518 nocte
683 1471 816 1536 reponet.

147 1557 238 1632 Nigra
252 1557 311 1615 lere
326 1568 356 1616 et
370 1575 471 1633 presso
485 1559 600 1635 pinguis
615 1560 670 1617 sub
684 1577 803 1617 vomere
818 1570 903 1632 terra,

146 1664 175 1712 et
190 1656 237 1712 cui
252 1665 335 1730 putre
350 1657 454 1728 solum,
469 1675 596 1732 namque
612 1657 671 1715 boc
685 1658 832 1716 imitamur
846 1656 967 1728 arande,

139 1753 257 1829 'optima
272 1753 441 1812 frumentis:
464 1773 525 1813 non
539 1755 598 1813 ullo
613 1774 650 1812 ex
664 1774 793 1830 aequore
806 1774 910 1813 cemes

145 1850 226 1926 plura
240 1850 363 1909 domum
377 1850 466 1910 tardis
481 1851 628 1911 decedere
643 1854 772 1928 plaustra
785 1854 925 1912 iuvencis.

145 1951 202 2006 Aut
217 1948 296 2007 unde
310 1950 397 2008 iratus
412 1950 512 2008 silvam
527 1949 645 2008 devexit
660 1960 757 2008 arator

144 2056 174 2104 et
187 2065 310 2105 nemora
323 2047 424 2105 evertit
439 2049 545 2106 multos
560 2048 664 2123 ignava
678 2067 732 2124 per
745 2067 847 2119 annoS,

144 2145 335 2220 antiquasque
350 2144 457 2204 domos
471 2147 568 2204 avium
583 2166 651 2204 cum
666 2147 803 2222 stirpibus
818 2146 884 2204 imis

144 2243 234 2301 eruit:
257 2243 321 2300 illae
337 2244 427 2301 altum
442 2243 518 2302 nidis
532 2245 645 2319 petiere
659 2245 776 2316 relictis,

143 2351 173 2398 at
186 2341 265 2399 rudis
281 2342 383 2399 enituit
398 2342 514 2417 inpulso
527 2360 646 2400 vomere
661 2361 793 2418 campus.

144 2439 221 2496 Nam
236 2439 333 2497 ieiuna
347 2439 468 2514 quidem
483 2441 584 2498 clivosi
598 2441 696 2516 glarea
709 2441 780 2499 ruris

142 2538 189 2594 vix
204 2537 319 2595 humilis
334 2539 437 2612 apibus
454 2538 547 2597 casias
560 2557 716 2614 roremque
731 2539 893 2610 ministrat;

143 2645 172 2692 et
186 2636 263 2693 tosus
277 2636 381 2693 scaber
395 2645 424 2693 et
439 2636 527 2711 nigris
542 2654 630 2694 exesa
644 2636 788 2712 chelydris

142 2743 221 2790 creta
234 2743 342 2808 negant
356 2733 427 2791 alios
441 2751 535 2809 aeque
550 2735 732 2810 serpentibus
747 2753 831 2809 agros

141 2829 259 2889 dulcem
274 2832 346 2888 sene
362 2832 461 2889 cibum
476 2841 504 2888 et
520 2851 620 2890 curvas
635 2833 774 2907 praebere
790 2833 923 2891 latebras.

142 2928 226 3002 Quae
240 2939 360 2986 tenuem
375 2928 488 2986 exhalat
504 2930 641 2988 nebulam
656 2931 811 3005 fumosque
825 2931 959 3001 volucris,

140 3036 170 3083 et
184 3027 257 3086 bibit
271 3045 403 3084 umorem
418 3038 456 3098 et,
472 3046 540 3085 cum
554 3029 622 3100 volt,
639 3047 675 3086 ex
690 3047 720 3087 se
735 3028 800 3104 ipsa
812 3028 942 3099 remittit,

140 3141 275 3199 quaeque
290 3142 343 3182 suo
354 3143 471 3200 semper
485 3125 568 3183 viridi
582 3145 613 3184 se
628 3128 759 3202 gramine
773 3126 867 3198 vestit,

140 3239 196 3278 nec
211 3222 308 3279 scabie
324 3231 354 3279 et
368 3222 442 3279 salsa
456 3222 545 3281 laedit
559 3224 691 3299 robigine
706 3224 813 3282 sermm
826 3246 831 3280 :

139 3319 187 3376 illa
201 3319 251 3376 tibi
266 3320 347 3377 laetis
361 3320 472 3379 intexet
485 3321 590 3380 vitibus
605 3322 710 3394 ulmos,

138 3417 186 3473 illa
200 3417 279 3473 ferax
293 3417 359 3474 oleo
375 3428 427 3488 est,
442 3418 520 3475 illam
535 3420 685 3495 experiere
701 3420 829 3479 colendo

139 3524 168 3572 et
182 3515 297 3571 facilem
312 3515 412 3590 pecori
427 3525 456 3573 et
471 3517 631 3591 patientem
645 3518 771 3576 vomeris
786 3520 864 3576 unci.

137 3612 240 3668 Talem
255 3611 335 3670 dives
351 3623 410 3670 arat
425 3614 528 3690 Capua
543 3624 573 3674 et
585 3616 681 3674 vicina
695 3617 810 3674 Vesevo

137 3728 188 3769 ora
201 3709 270 3784 iugo
285 3719 314 3766 et
329 3711 427 3769 vacuis
442 3699 561 3771 Claniu's
575 3731 635 3771 non
651 3732 762 3788 aequos
777 3716 899 3772 Acerris.

535 3841 567 3873 ¹⁹⁶
572 3842 638 3899 setus
648 3844 734 3887 ovium.
751 3844 795 3888 Ed.

1048 303 1204 368 [Gnoncrcs.
