2742 4284
148 314 264 376 X11.57.]
470 303 616 365 Latinus
637 303 740 386 Urges
759 305 872 368 Peuce.

149 489 242 545 multa
256 507 353 560 manu,
370 506 503 548 necnon
518 507 678 564 aurumque
694 491 866 565 animusque
881 493 986 550 Latino
1000 502 1064 564 est,

148 597 218 644 sunt
233 587 304 643 aliae
320 587 458 662 innuptae
476 587 559 644 Latio
574 598 603 644 et
619 589 811 647 Laurentibus
825 591 908 661 arviS,

148 703 207 742 nec
221 703 312 759 genus
328 683 491 742 indecores
535 685 602 742 Sine
618 703 666 743 me
682 685 757 744 haec
772 687 851 745 haud
865 688 964 746 mollia
978 689 1037 746 satu

148 782 267 840 sublatis
282 782 394 857 aperire
409 781 493 853 dolis,
509 782 595 840 simul
610 783 667 842 hoc
682 785 781 843 animo
796 785 887 844 hauri.

150 882 202 938 Me
217 889 315 936 natam
331 879 400 938 nulli
415 889 545 937 veterum
561 881 672 940 sociare
687 900 844 958 procorum

148 979 191 1035 fas
207 988 276 1047 erat,
292 977 381 1053 idque
397 996 500 1036 omnes
515 977 632 1054 divique
648 979 842 1056 hominesque
858 983 1012 1041 canebant,

148 1077 251 1133 Victus
267 1094 366 1133 amore
381 1077 432 1146 tui,
449 1087 575 1151 cognato
590 1079 730 1152 sanguine
744 1080 837 1136 victus

149 1173 281 1248 coniugis
297 1182 326 1230 et
341 1184 469 1232 maestae
484 1175 628 1246 lacrumis,
643 1176 739 1233 vincla
753 1178 852 1234 omnia
866 1178 929 1253 rupi
941 1200 947 1236 :

148 1272 322 1347 promissam
337 1273 429 1347 eripui
443 1291 561 1347 genero,
578 1292 658 1330 arma
673 1274 763 1350 impia
777 1276 896 1350 sumpsi.

150 1371 196 1426 Ex
209 1352 258 1428 illo
273 1370 323 1444 qui
338 1389 385 1427 me
401 1389 493 1442 casus,
509 1390 593 1446 quae,
609 1373 717 1443 Turne,
733 1382 891 1447 sequantur

149 1467 233 1538 bella,
250 1467 341 1539 videa,
356 1478 481 1543 quantos
496 1469 605 1544 primus
619 1471 728 1545 patiare
743 1470 865 1528 labores.

150 1567 198 1622 Bis
214 1584 320 1640 magna
333 1567 402 1622 victi
416 1585 515 1641 pugna
529 1567 576 1624 vix
589 1567 660 1625 urbe
675 1580 790 1625 tuemur

149 1681 216 1738 spes
232 1663 339 1736 Italas,
361 1664 489 1721 recalent
503 1675 602 1722 nostro
617 1665 766 1740 Thybrina
781 1666 889 1723 fluenta

148 1761 292 1835 sanguine
307 1761 404 1819 adhuc
420 1763 575 1838 campique
591 1763 723 1838 ingentes
738 1764 851 1821 ossibus
865 1764 972 1822 albent.

150 1858 219 1932 Quo
233 1859 341 1916 referor
355 1860 484 1916 totiens?
526 1860 612 1934 Quae
628 1871 758 1918 mentem
773 1861 884 1918 insania
898 1864 1011 1919 mutat?

148 1955 177 2014 Si
192 1957 292 2014 Turno
309 1957 451 2014 exstincto
467 1958 562 2015 socios
577 1977 641 2015 sum
657 1956 770 2016 adscire
785 1967 910 2033 paratus,

148 2072 201 2111 cur
215 2072 275 2112 non
290 2055 429 2113 incolumi
443 2056 541 2131 potius
556 2057 717 2114 certamina
731 2057 824 2114 tollo?

150 2152 230 2226 Quid
246 2153 453 2228 consanguinei
470 2154 578 2224 Rutuli,
595 2153 665 2228 quid
681 2164 779 2212 cetera
793 2153 873 2236 dicet

150 2250 242 2321 Italia,
257 2250 296 2308 ad
311 2261 434 2309 mortem
450 2252 474 2309 si
487 2261 516 2309 te
526 2285 566 2294 —
577 2253 648 2310 Fors
664 2252 744 2310 dicta
758 2253 862 2310 refutet
876 2256 932 2310 l-

148 2347 338 2423 prodiderim,
354 2359 452 2406 natam
467 2359 496 2407 et
511 2350 639 2408 conubia
652 2360 752 2408 nostra
764 2353 937 2425 petentem?

148 2446 277 2521 Respice
292 2465 338 2504 res
353 2447 429 2504 bello
445 2447 556 2518 varias;
577 2448 713 2505 miserere
728 2449 855 2523 parentis

148 2543 289 2618 longaevi,
306 2563 394 2618 quem
409 2563 488 2601 nunc
503 2555 647 2603 maestum
661 2546 755 2621 patria
769 2544 867 2603 Ardea
880 2548 967 2622 longe

147 2640 271 2698 dividit!
314 2641 554 2718 Haudquaquam
570 2643 655 2701 dictis
670 2644 806 2701 violentia
819 2645 910 2702 Turni

146 2737 288 2796 flectitur:
314 2749 468 2815 exsuperat
482 2741 573 2816 magis
589 2741 789 2817 aegrescitque
804 2742 964 2801 medendo

146 2836 190 2895 Ut
203 2835 329 2911 primurn
344 2837 396 2894 fari
411 2836 514 2912 potuit,
531 2838 573 2896 sic
587 2838 690 2896 institit
703 2858 773 2897 ore:
847 2875 850 2878 ·

146 2933 264 3009 ‘Quam
278 2953 331 3010 pro
347 2953 394 2992 me
409 2953 510 2992 curam
525 2935 609 3010 geris,
625 2935 702 2994 hanc
715 2955 829 3012 precor,
844 2941 965 3014 optime,
981 2959 1035 3014 pro
1052 2960 1099 2997 me

146 3031 280 3107 deponas
295 3032 443 3107 letumque
458 3033 535 3092 sinas
550 3052 604 3109 pro
618 3033 705 3093 laude
720 3035 847 3110 pacisci:

146 3138 177 3186 et
193 3148 247 3187 nos
262 3131 328 3201 tela,
344 3140 434 3204 pater,
450 3131 614 3206 ferrumque
629 3131 708 3189 haud
723 3132 822 3191 debile
837 3134 938 3192 dextra

146 3229 327 3303 spargimus,
350 3238 380 3286 et
394 3239 493 3287 nostro
509 3230 637 3305 sequitur
651 3230 690 3288 de
704 3231 822 3288 volnere
837 3233 964 3307 sanguis.
993 3215 1000 3227 ’

147 3325 249 3400 Longe
265 3326 303 3382 illi
318 3326 376 3383 dea
390 3337 483 3384 mater
497 3327 559 3399 erit,
576 3346 652 3403 quae
667 3330 745 3386 nube
761 3330 895 3404 fugacem

145 3423 273 3481 feminea
287 3430 370 3499 tegat
381 3434 410 3483 et
424 3425 507 3483 vanis
523 3445 586 3484 sese
601 3427 718 3484 occulat
733 3427 862 3485 umbris!

187 3523 225 3579 At
238 3522 347 3596 regina,
364 3541 440 3580 nova
454 3541 570 3598 pugnae
586 3525 742 3582 conterrita
756 3534 841 3596 sorte,

145 3617 233 3676 flebat
248 3628 277 3676 et
293 3619 445 3678 ardentem
458 3639 599 3695 generum
614 3622 760 3678 monitura
773 3622 910 3681 tenebat:

146 3717 272 3788 ‘Turne,
288 3735 340 3792 per
355 3717 406 3776 has
423 3736 478 3793 ego
493 3727 522 3775 te
538 3719 679 3790 lacrimas,
695 3737 748 3794 per
761 3720 850 3794 siquis
865 3724 989 3778 Amatae

145 3813 237 3888 tangit
252 3813 347 3871 honos
362 3813 491 3871 animum
512 3815 593 3892 (spes
608 3825 639 3872 tu
653 3833 734 3872 nunc
749 3834 816 3887 una,
832 3826 967 3873 senectae
