2742 4284
153 305 312 372 VI11.588.]
368 297 518 380 Parting
538 297 579 380 os
595 297 757 360 Evander
774 299 847 362 and
864 299 993 364 Pallas.

152 485 236 542 ocius
252 485 293 542 ire
308 484 422 559 equites
435 482 577 560 Tyrrheni
592 483 630 542 ad
645 483 728 542 litora
742 485 827 559 regis.

152 584 230 640 Vota
244 591 324 639 metu
339 581 492 657 duplicant
506 592 622 653 matres,
638 582 817 657 propiusque
832 583 943 658 periclo

151 681 173 739 it
188 682 284 752 timor,
300 689 329 738 et
345 679 438 737 maior
452 679 553 737 Martis
569 680 627 737 iam
643 689 765 755 apparet
778 681 884 757 imago.

150 782 229 837 Tum
245 789 328 855 pater
343 776 497 836 Euandrus
513 776 645 835 dextram
661 777 833 852 complexus
847 781 942 838 euntis

151 879 261 950 haeret,
276 875 440 951 inexpletus
456 874 620 944 lacrimam,
636 893 671 932 ac
685 875 754 933 talia
768 875 859 933 satur:

152 977 199 1035 ‘O
213 975 285 1033 mihi
300 973 469 1048 praeteritos
485 973 589 1031 reserat
604 973 627 1030 si
643 973 777 1048 luppiter
789 991 892 1047 anuos,

150 1073 243 1147 qualis
258 1091 346 1142 eram,
361 1090 430 1128 cum
446 1071 569 1146 primam
586 1071 680 1129 aciem
696 1072 852 1130 Praeneste
867 1074 921 1134 sub
936 1075 999 1149 ipsa

150 1171 235 1228 stravi
251 1180 457 1244 scutorumque
475 1167 594 1226 incendi
607 1168 701 1226 victor
714 1187 834 1229 acervos

149 1280 179 1327 et
193 1287 293 1343 regem
309 1269 363 1326 hac
380 1267 499 1324 Erulum
517 1265 619 1324 dextra
633 1267 687 1324 sub
701 1267 820 1326 Tartara
835 1268 908 1339 misi,

148 1366 280 1424 nascenti
296 1365 407 1424 cultris
422 1365 534 1422 animas
552 1363 677 1421 Feronia
691 1375 784 1422 mater

153 1463 348 1541 (horrendum
363 1463 460 1537 dictu)
481 1461 622 1532 dederat,
651 1471 734 1519 terna
747 1481 828 1520 arma
842 1466 998 1538 movenda,

148 1574 192 1619 ter
208 1563 282 1619 Leto
296 1560 469 1618 'sternendus
487 1570 567 1631 erat3
589 1561 636 1617 cui
651 1570 721 1618 tunc
736 1569 835 1620 tamen
850 1564 946 1621 omnis

147 1660 265 1718 abstulit
280 1661 354 1716 haec
369 1659 479 1716 animas
497 1658 598 1716 dextra
613 1669 641 1716 et
657 1658 780 1716 totidem
796 1661 875 1717 exuit
889 1661 993 1720 armis:

147 1776 208 1815 non
224 1775 280 1832 ego
294 1775 375 1814 nunc
390 1755 469 1813 dulci
485 1756 620 1830 amplexu
636 1755 787 1814 divellerer
800 1776 934 1833 usquam,

146 1867 224 1925 nate,
240 1864 300 1924 tuo,
315 1871 411 1927 neque
428 1853 552 1911 finitimo
571 1855 734 1912 Mezentius
748 1875 888 1930 umquam

146 1954 216 2011 huic
231 1953 319 2028 capiti
333 1951 473 2010 insultans
490 1961 533 2010 tot
548 1953 622 2011 ferro
637 1971 724 2011 saeva
738 1953 868 2012 dedisset

144 2054 256 2122 funera,
271 2061 330 2108 tam
346 2051 443 2108 multis
458 2049 605 2108 viduasset
620 2051 733 2109 civibus
748 2051 859 2110 urbem.

145 2155 183 2209 At
198 2169 259 2220 vos,
275 2168 294 2206 o
309 2150 414 2223 superi,
430 2158 460 2206 et
475 2148 575 2206 divom
590 2160 620 2207 tu
637 2169 774 2209 maxume
788 2161 885 2209 rector

145 2249 288 2324 Iuppiter,
305 2246 430 2318 Arcadii,
446 2265 566 2322 quaeso
585 2249 762 2307 miserescite
776 2249 851 2324 regis

144 2358 174 2405 et
188 2347 295 2422 patrias
310 2344 408 2402 audite
425 2363 536 2418 preces.
581 2347 609 2404 Si
625 2348 746 2405 numina
759 2360 855 2405 vestra

143 2445 324 2503 incolumem
340 2443 468 2501 Pallanta
484 2444 564 2515 mihi,
581 2446 604 2503 si
619 2448 676 2504 fata
691 2457 846 2517 reservant,

143 2544 166 2600 si
180 2544 294 2600 visurus
308 2559 375 2599 eum
391 2541 456 2598 vivo
471 2552 501 2598 et
516 2553 652 2602 venturus
668 2546 697 2603 in
711 2565 820 2603 unum:

142 2641 231 2699 vitam
247 2657 308 2709 oro,
324 2639 417 2714 patior
432 2641 565 2713 quemvis
581 2640 684 2699 durare
700 2629 838 2702 laborem.

142 2740 192 2797 Sin
206 2737 334 2812 aliquem
350 2736 501 2794 infandum
518 2755 629 2808 casum,
646 2740 783 2812 Fortuna,
798 2742 932 2800 minaris:

142 2854 233 2905 nunc,
251 2834 371 2894 Onunc
387 2835 472 2891 liceat
488 2835 638 2894 crudelem
653 2837 827 2913 abrumpere
842 2841 939 2910 vitam,

141 2934 213 2992 dum
230 2950 315 2990 curae
331 2932 492 3006 ambiguae,
512 2933 583 2992 dum
598 2955 666 3010 spes
681 2938 792 2993 incerta
806 2937 900 3007 futuri,

141 3032 213 3089 dum
228 3039 267 3102 te,
283 3047 349 3088 care
365 3049 445 3105 puer,
463 3051 529 3090 mea
545 3053 610 3091 sera
624 3045 654 3092 et
667 3035 729 3092 sola
743 3036 883 3110 voluptas,

140 3129 300 3205 complexu
315 3138 411 3200 teneo,
428 3134 543 3205 gravior
557 3151 614 3190 neu
630 3134 747 3190 nuntius
762 3134 837 3190 auris

139 3229 290 3286 volueret!
334 3230 420 3287 Haec
436 3232 549 3305 genitor
564 3230 694 3306 digressu
713 3230 792 3288 dicta
807 3249 945 3306 supremo

140 3325 300 3384 fundebat:
326 3327 425 3386 famuli
441 3329 611 3404 conlapsum
628 3330 656 3386 in
672 3339 751 3387 tecta
765 3329 903 3388 ferebant.

182 3425 305 3498 Iamque
320 3425 397 3485 adeo
412 3427 520 3484 exierat
535 3429 624 3502 portis
640 3429 785 3502 equitatus
799 3428 913 3502 apertis,

139 3525 255 3580 Aeneas
272 3524 345 3581 inter
360 3523 468 3599 primos
484 3534 513 3581 et
527 3523 603 3581 fidus
618 3525 755 3593 Achates,

139 3619 209 3678 inde
224 3621 271 3679 alii
285 3622 390 3679 Troiae
406 3639 552 3696 procereS,
568 3622 630 3697 ipse
645 3622 762 3696 agmine
777 3623 869 3681 Pallas

138 3719 169 3775 in
186 3719 284 3776 medio
299 3718 453 3794 chlamyde
468 3729 497 3776 et
512 3720 597 3793 pictis
612 3731 788 3794 conspectus
803 3722 833 3778 in
848 3723 952 3781 armis:

137 3846 334 3906 ⁸⁶⁰inexpletum.
350 3848 383 3893 H.
422 3846 520 3893 ⁶⁰⁰taam.
537 3848 565 3893 R.
610 3847 775 3907 ⁵⁴⁵lsim'timos.
792 3851 820 3895 R.
842 3849 969 3908 finitimus.
986 3851 1018 3895 H.
1064 3849 1097 3883 ⁶⁸²
1111 3865 1147 3896 ne.
1160 3853 1190 3897 H.

1225 4032 1354 4246 *l
