2742 4284
140 311 272 378 1x.700.]
367 302 433 366 The
459 302 558 367 Gates
581 305 621 386 of
637 303 690 367 tlte
716 302 816 388 Camp
839 302 977 386 Opemd.

140 487 214 546 dant
229 489 359 547 sonitum
373 488 452 547 flictu
467 489 578 564 galeae,
593 507 695 565 pugna
707 509 814 566 aspera
827 489 934 566 surgit:

139 594 267 660 quantus
281 587 320 644 ab
334 604 442 645 occasu
457 587 577 644 veniens
591 586 764 662 pluvialibus
780 586 895 646 Haedis

138 682 274 742 verberat
288 683 382 744 imber
397 685 529 756 humum,
546 702 636 759 quam
650 686 742 744 multa
755 683 898 761 grandine
914 685 1008 743 nimbi

138 781 169 838 in
184 780 262 840 vada
275 783 477 858 praecipitant,
493 801 562 840 cum
578 783 711 858 Iuppiter
725 781 859 842 horridus
873 783 976 842 austris

137 887 258 954 torquet
272 898 412 955 aquosam
429 880 556 938 hiemem
571 891 601 938 et
614 881 699 940 caelo
713 899 786 939 cava
800 880 902 940 nubila
914 881 1031 958 rumpit.

181 976 333 1036 Pandarus
347 987 377 1036 et
392 979 490 1050 Bitias,
508 977 600 1037 Idaeo
615 979 762 1038 Alcanore
777 980 859 1052 creti,

138 1092 215 1149 quos
230 1076 309 1134 Iovis
324 1075 424 1135 eduxit
439 1078 506 1135 luco
521 1077 658 1135 silvestris
674 1077 759 1135 Iaera

138 1172 283 1231 abietibus
298 1174 416 1233 iuvenes
431 1175 530 1249 patriis
545 1184 575 1232 et
589 1175 739 1235 montibus
754 1194 876 1253 aequos,

137 1281 264 1345 portam,
279 1288 355 1346 quae
369 1270 453 1330 ducis
469 1273 591 1348 imperio
607 1274 773 1347 commissa,
788 1274 951 1349 recludunt,

137 1369 203 1426 freti
217 1369 332 1441 animis,
346 1370 479 1444 ultroque
495 1371 618 1430 invitant
632 1374 787 1432 moenibus
801 1373 927 1433 hostem,

137 1468 202 1544 Ipsi
215 1468 293 1526 intus
307 1466 409 1526 dextra
423 1487 458 1526 ac
473 1469 555 1526 laeva
569 1488 623 1545 pro
637 1471 763 1530 turribus
776 1469 901 1544 adstant,

136 1566 241 1624 armati
255 1566 330 1624 serto
346 1575 375 1624 et
390 1567 482 1625 cristis
498 1568 596 1644 capita
610 1569 668 1627 alta
682 1570 817 1629 corusci:

136 1665 239 1741 quales
253 1665 349 1724 aeriae
363 1667 504 1742 liquentia
518 1666 638 1726 llumina
652 1669 774 1740 circum,

135 1764 197 1822 sive
213 1763 286 1822 Padi
300 1764 368 1839 ripis
383 1765 516 1822 Athesim
530 1782 583 1823 seu
597 1775 718 1842 propter
731 1782 901 1838 amoenum,

135 1872 316 1939 consurgunt
331 1863 466 1939 geminae
482 1881 607 1938 quercus
624 1863 798 1938 intonsaque
814 1863 898 1922 caelo

134 1961 272 2019 attollunt
285 1961 384 2038 capita
399 1966 431 2018 et
445 1961 561 2019 sublimi
575 1960 684 2020 vertice
699 1971 812 2020 nutant.

135 2060 314 2134 Inrumpunt
327 2059 423 2118 aditus
441 2059 543 2117 Rutuli
557 2069 589 2117 ut
603 2058 703 2117 videre
717 2061 844 2135 patentis

134 2158 277 2216 continuo
294 2158 447 2232 Quercens
463 2167 493 2214 et
506 2157 630 2232 pulcher
645 2157 804 2233 Aquiculus
818 2158 906 2216 armis

133 2265 164 2312 et
179 2272 322 2331 praeceps
337 2256 427 2314 animi
442 2257 567 2312 Tmarus
583 2264 613 2312 et
629 2255 790 2312 Mavortius
805 2256 947 2316 Haemon

133 2353 299 2430 agminibus
314 2355 399 2413 totis:
424 2364 454 2412 at
468 2354 542 2412 versi
556 2363 637 2428 terga
652 2351 762 2410 dedere

132 2461 184 2509 aut
199 2451 264 2526 ipso
278 2463 380 2528 portae
396 2470 520 2527 posuere
536 2452 567 2509 in
581 2451 681 2508 limine
697 2451 794 2508 vitam,

131 2551 212 2608 Tum
227 2551 317 2625 magis
332 2553 501 2609 increscunt
515 2549 619 2608 animis
636 2548 822 2607 discordibus
837 2550 896 2608 irae
908 2571 916 2620 ;

131 2657 163 2706 et
176 2647 236 2707 iam
251 2648 366 2707 collecti
380 2651 472 2707 Troes
488 2649 685 2724 glomerantur
700 2646 809 2706 eodem

130 2756 162 2803 et
177 2747 310 2805 conferre
328 2766 449 2805 manum
465 2755 493 2804 et
508 2763 680 2821 procurrere
695 2745 810 2821 longius
823 2744 944 2804 audent.

173 2846 300 2904 Ductori
314 2847 415 2904 Turno
430 2844 545 2903 diversa
560 2845 589 2902 in
604 2854 686 2920 parte
701 2844 807 2902 furenti

130 2943 318 3018 turbantique
333 2944 409 3002 viros
424 2943 565 3018 perfertur
580 2943 708 3012 nuntius,
724 2942 840 3000 hostem

129 3040 242 3098 fervere
257 3040 350 3100 caede
365 3060 443 3100 nova
457 3051 486 3099 et
500 3049 599 3115 portas
614 3040 754 3115 praebere
769 3039 906 3114 patentis,

130 3141 249 3198 Deserit
265 3141 415 3217 inceptum
431 3151 518 3215 atque
535 3140 655 3197 immani
672 3139 805 3197 concitus
820 3139 862 3195 ira

130 3235 314 3296 Dardaniam
330 3239 386 3296 ruit
402 3236 440 3296 ad
455 3247 570 3314 portam
585 3237 744 3312 fratresque
759 3237 912 3311 superbos.

130 3337 169 3393 Et
185 3336 313 3411 primum
328 3337 517 3412 Antiphaten,
533 3337 557 3395 is
572 3337 650 3394 euim
665 3354 697 3393 se
712 3336 822 3412 primus
836 3336 951 3410 agebat,

128 3433 273 3492 Thebana
288 3434 326 3492 de
342 3444 434 3492 matre
449 3433 573 3492 nothum
588 3432 765 3509 Sarpedonis
780 3432 839 3505 alti,

129 3531 268 3590 coniecto
283 3533 383 3590 sternit
399 3531 513 3603 iaculo;
535 3531 613 3588 volat
629 3531 703 3589 Itala
717 3549 824 3588 comus

129 3628 198 3686 aira
212 3645 267 3704 per
280 3639 413 3688 tenerum
429 3628 643 3702 stomachoque
656 3627 748 3686 infixa
761 3628 816 3687 sub
830 3629 920 3687 altum

129 3734 235 3816 pectus
249 3726 326 3785 abit:
350 3725 448 3784 reddit
461 3743 567 3803 specus
582 3723 635 3784 atri
649 3725 775 3784 volneris
792 3725 905 3784 undam

245 3855 277 3889 ⁸⁸⁴
292 3856 428 3915 Aquicolus.
450 3856 477 3903 C.
759 3855 792 3887 ⁶⁸⁶
807 3857 860 3898 totis
870 3858 992 3903 aatverri.
1013 3857 1070 3904 Eds.
