2742 4284
206 309 248 369 80
482 301 511 361 T
507 301 546 362 lte
569 300 718 382 Nymphs
739 299 831 361 Meet
853 299 991 363 AEncas.
1137 308 1267 370 [AEunm.

206 493 343 565 Namque
358 489 453 546 lenmt
467 487 547 546 luctu
563 487 699 562 Cycnum
715 485 905 544 Phaethontis
918 487 1017 556 amati,

205 590 348 666 populeas
363 588 438 645 inter
452 583 570 644 frondes
586 583 777 659 umbramque
792 602 925 642 sororum

206 687 277 746 dum
292 688 370 744 canit
385 695 414 743 et
430 693 573 742 maestum
591 684 677 741 Musa
693 683 802 740 solatur
814 700 955 752 amorem,

206 796 361 844 canentem
376 783 455 842 molli
470 783 571 858 pluma
585 781 702 839 duxisse
718 791 877 851 senectam,

205 885 385 959 linquentem
399 892 488 941 terras
504 890 533 938 et
549 878 645 938 sidera
659 897 734 937 voce
748 888 932 953 sequentem.

207 983 303 1054 Filius,
319 981 447 1055 aequalis
462 980 619 1038 comitatus
634 977 726 1035 classe
741 987 881 1048 catervas,

205 1081 353 1154 ingentem
367 1079 454 1136 remis
469 1078 650 1136 Centaurum
665 1085 838 1150 promovet:
861 1073 909 1132 ille

205 1177 291 1234 instat
304 1194 397 1250 aquae
413 1193 573 1250 saxumque
589 1172 675 1231 undis
691 1173 820 1230 immane
835 1173 961 1230 minatur

205 1272 312 1332 arduus
327 1284 357 1332 et
370 1275 459 1350 longa
474 1274 566 1332 sulcat
583 1273 673 1330 maria
688 1272 747 1328 alta
761 1272 867 1328 carina.

247 1372 298 1430 Ille
313 1372 402 1429 etiam
416 1371 514 1447 patriis
528 1388 635 1446 agmen
651 1371 709 1427 ciet
723 1370 825 1428 Ocnus
839 1369 877 1426 ab
892 1369 957 1438 oris,

205 1468 342 1528 fatidicae
359 1471 477 1527 Mantus
493 1479 522 1526 et
536 1468 626 1525 Tusci
637 1467 717 1523 lilius
731 1467 834 1537 amnis,

206 1568 255 1642 qui
270 1585 367 1624 muros
382 1567 539 1640 matrisque
555 1563 638 1623 dedit
646 1563 715 1634 tibi,
731 1565 862 1633 Mantua,
877 1580 996 1633 nornen,

207 1666 338 1735 Mantua,
355 1663 436 1722 dives
452 1664 531 1734 avis;
554 1662 607 1720 sed
622 1680 683 1720 non
698 1679 790 1736 genus
805 1661 941 1718 omnibus
954 1677 1065 1716 unum:

205 1781 277 1838 gens
293 1762 330 1818 illi
346 1761 457 1836 triplex,
473 1760 576 1836 populi
591 1760 645 1817 sub
659 1769 748 1834 gente
763 1759 904 1833 quaterni,

206 1862 269 1934 ipsa
283 1870 371 1934 caput
384 1858 510 1935 populiS,
525 1860 625 1916 Tusco
640 1857 679 1915 de
695 1857 835 1932 sanguine
850 1857 932 1914 vires,

208 1959 289 2016 Hinc
304 1975 422 2032 quoque
437 1957 612 2032 quingentos
628 1957 658 2013 in
673 1974 705 2013 se
721 1955 884 2013 Mezentius
899 1963 998 2023 armat,

207 2074 281 2131 quos
296 2064 377 2130 patre
394 2056 512 2112 Benaco
527 2055 637 2111 velatus
653 2053 815 2111 harundine
831 2053 935 2128 glauca

208 2154 336 2212 Mincius
351 2153 454 2211 infesta
469 2152 596 2211 ducebat
612 2153 640 2208 in
656 2170 786 2226 aequora
799 2152 878 2227 pinu.

207 2254 235 2310 It
249 2251 340 2326 gravis
356 2251 489 2309 Aulestes
505 2260 689 2324 centenaque
705 2250 807 2307 arbore
822 2249 943 2307 fluctum

207 2349 337 2407 verberat
352 2349 519 2424 adsurgens,
536 2357 673 2423 spumant
689 2347 764 2404 vada
779 2365 923 2405 marmore
937 2365 1030 2404 verso.

209 2449 300 2504 Hunc
315 2447 394 2505 vehit
410 2447 543 2505 immanis
559 2447 661 2504 Triton
677 2456 707 2502 et
722 2447 838 2503 caerula
852 2445 967 2503 concha

207 2554 352 2602 exterrens
367 2544 448 2616 freta,
463 2545 511 2601 cui
525 2544 647 2602 laterum
664 2555 749 2602 tenus
764 2543 881 2619 hispida
894 2544 975 2600 nanti

207 2643 285 2699 frons
300 2642 450 2699 hominem
465 2642 598 2716 praefert,
614 2643 644 2699 in
660 2642 772 2716 pristim
786 2640 892 2699 desinit
906 2641 1003 2699 alvus:

207 2756 328 2814 spumea
342 2740 476 2798 semifero
492 2741 545 2799 sub
560 2751 682 2815 pectore
699 2749 858 2798 murmurat
869 2739 958 2798 unda

247 2838 305 2894 Tot
320 2838 388 2895 lecti
402 2855 539 2912 proceres
554 2848 598 2896 ter
612 2838 697 2897 denis
713 2839 834 2896 navibus
849 2839 929 2897 ibant

207 2934 337 2993 subsidio
351 2936 455 2993 Troiae
471 2946 500 2994 et
514 2955 636 3012 campos
651 2938 716 2994 salis
732 2955 798 2994 aera
812 2938 959 2995 secabant.

249 3034 370 3106 Iamque
386 3032 448 3092 dies
465 3035 547 3092 caelo
561 3046 750 3094 concesserat
766 3037 901 3110 almaque
916 3055 1000 3095 curru

207 3130 362 3204 noctivago
378 3131 496 3189 Phoebe
511 3132 644 3191 medium
660 3135 792 3210 pulsabat
808 3136 985 3211 Olympum:

208 3230 323 3285 Aeneas
342 3227 454 3304 (neque
470 3231 548 3288 enim
564 3233 702 3291 membris
718 3234 768 3292 dat
782 3253 852 3292 cura
866 3234 1010 3310 quietem)

207 3326 268 3400 ipse
284 3325 391 3384 sedens
406 3327 579 3404 clavumque
594 3331 668 3410 regit
682 3332 813 3407 velisque
828 3333 977 3397 ministrat.

208 3426 303 3498 Atque
319 3423 357 3481 illi
373 3424 472 3483 medio
488 3427 517 3484 in
533 3429 627 3502 spatio
643 3429 748 3488 chorus
764 3448 835 3488 ecce
851 3449 967 3489 suarum

207 3522 332 3580 occurrit
346 3523 506 3583 comitum:
530 3527 689 3603 nymphae,
704 3545 777 3602 quas
791 3529 868 3586 alma
882 3530 1005 3605 Cybebe

207 3637 317 3677 numen
332 3620 439 3678 habere
455 3623 541 3680 maris
556 3626 759 3700 nymphasque
773 3644 790 3683 e
805 3627 926 3685 navibus
940 3645 1004 3686 esse

207 3719 336 3788 iusserat,
352 3718 492 3777 innabant
507 3721 612 3795 pariter
626 3723 791 3797 fluctusque
806 3725 955 3796 secabant,

208 3825 280 3888 quot
295 3815 373 3889 prius
389 3824 502 3873 aeratae
518 3825 655 3876 steterant
670 3818 708 3877 ad
722 3819 806 3878 litora
820 3839 932 3895 prorae.
