2742 4284
151 315 190 376 24
346 297 422 360 List
444 299 485 379 qs
500 298 667 372 Natr'ons,·
702 298 840 375 Virbius,
865 300 1004 364 Turnus.
1078 310 1201 374 [AEnmo.

148 483 296 540 somniferi
311 493 341 540 et
356 483 459 540 Marsis
474 484 623 557 quaesitae
638 485 787 542 montibus
801 485 917 544 herbae.

146 581 190 637 Te
206 599 308 638 nemus
324 581 467 655 Angitiae,
483 582 571 638 vitrea
586 593 613 638 te
630 583 757 640 Fucinus
773 584 860 653 unda,

148 689 177 735 te
192 677 293 752 liquidi
309 677 413 735 flevere
429 679 517 736 lacus

190 776 255 833 Ibat
269 787 298 832 et
315 777 468 851 Hippolyti
483 778 578 850 proles
593 778 788 852 pulcherrima
803 779 889 850 bello,

148 874 272 944 Virbius,
288 875 429 949 insignem
445 893 534 949 quem
550 885 641 932 mater
656 877 752 932 Aricia
767 877 853 946 misit,

149 971 288 1029 eductum
306 973 428 1047 Egeriae
443 973 515 1029 lucis
532 974 661 1029 umentia
677 974 787 1029 circum

149 1071 240 1141 litora,
256 1071 370 1146 pinguis
385 1071 434 1128 ubi
449 1081 478 1127 et
493 1070 640 1144 placabilis
654 1089 704 1127 ara
719 1071 842 1128 Dianae.

150 1169 287 1242 Namque
303 1169 398 1226 serunt
411 1169 489 1225 fama
505 1169 709 1242 Hippolytum,
726 1179 880 1243 postquam
896 1179 956 1227 arte
971 1189 1115 1227 novercae
1158 1170 1201 1224 7⁶5

149 1266 291 1323 occiderit
305 1268 470 1341 patriasque
486 1266 607 1341 explerit
621 1266 761 1340 sanguine
777 1283 887 1340 poenas

150 1363 270 1421 turbatis
284 1363 438 1422 distractus
455 1363 545 1438 equis
561 1361 599 1419 ad
611 1362 707 1419 sidera
721 1382 817 1421 rursus

150 1461 278 1519 aetheria
291 1471 321 1519 et
335 1480 454 1536 superas
469 1462 542 1518 caeli
557 1462 670 1518 venisse
686 1462 741 1519 sub
754 1480 845 1531 auras
869 1459 874 1470 ’

151 1559 284 1616 Paeoniis
299 1571 466 1618 revocatum
482 1560 577 1617 herbis
594 1570 621 1615 et
637 1577 737 1616 amore
754 1560 876 1616 Dianae.

151 1657 225 1714 Tum
242 1667 323 1731 pater
337 1659 534 1732 omnipotens
549 1658 674 1731 aliquem
691 1656 856 1730 indignatus
871 1657 908 1714 ab
924 1658 1031 1715 umbris
1159 1670 1202 1712 770

152 1755 303 1812 mortalem
319 1756 435 1814 infernis
450 1754 489 1812 ad
504 1756 613 1812 lumina
627 1773 743 1828 surgere
758 1755 842 1823 vitae,

152 1855 213 1928 ipse
229 1863 407 1927 repertorem
424 1852 587 1910 medicinae
602 1853 665 1908 talis
681 1862 711 1909 et
725 1853 793 1909 artis

151 1951 270 2007 fulmine
288 1950 504 2025 Phoebigenam
520 1951 631 2025 Stygias
646 1949 768 2008 detrusit
781 1950 819 2007 ad
832 1949 934 2008 undas

152 2051 190 2105 At
204 2049 302 2106 Trivia
319 2049 513 2122 Hippolytum
527 2049 645 2105 secretis
660 2049 737 2104 alma
750 2048 883 2105 recondit

153 2145 269 2204 sedibus
286 2157 314 2202 et
329 2146 475 2220 nymphae
492 2147 613 2219 Egeriae
629 2147 801 2220 nemorique
816 2146 934 2220 relegat,

153 2244 230 2301 solus
246 2244 295 2300 ubi
310 2244 338 2299 in
354 2243 430 2301 silvis
447 2244 525 2300 Italis
540 2243 675 2318 ignobilis
690 2261 793 2300 aevom

153 2342 281 2416 exigeret
295 2360 436 2415 versoque
452 2342 500 2398 ubi
516 2342 635 2398 nomine
651 2341 766 2398 Virbius
781 2352 866 2399 esset.

153 2439 242 2499 Unde
258 2441 345 2496 etiarn
360 2440 470 2515 templo
485 2439 599 2496 Triviae
614 2440 745 2513 lucisque
761 2441 878 2496 sacratis

153 2538 330 2620 cornipedes
344 2548 478 2595 arcentur
493 2538 575 2612 equiy
585 2536 667 2612 quod
682 2536 764 2594 litore
779 2556 894 2594 currum

154 2647 183 2693 et
198 2637 331 2693 iuvenem
347 2636 482 2692 monstris
498 2635 595 2710 pavidi
611 2635 738 2692 effudere
754 2635 879 2692 marinis.

155 2733 243 2792 Filius
257 2733 384 2791 ardentis
400 2732 477 2790 haud
493 2734 580 2790 setius
595 2751 722 2808 aequore
737 2735 834 2808 campi

154 2833 308 2891 exercebat
323 2851 415 2906 equos
431 2850 573 2906 curruque
589 2833 618 2887 in
633 2831 709 2888 bella
722 2832 833 2888 ruebat.

196 2933 263 3005 Ipse
279 2932 353 2988 inter
367 2931 475 3005 primos
491 2930 649 3004 praestanti
664 2947 788 3004 corpore
802 2931 917 2986 Turnus

154 3030 272 3086 vertitur
285 3047 364 3086 arma
380 3040 482 3084 tenens
498 3038 527 3086 et
541 3038 604 3085 toto
619 3027 727 3084 vertice
743 3045 829 3100 supra
843 3038 895 3084 est.

156 3128 210 3186 Cui
225 3127 327 3201 triplici
344 3128 445 3184 crinita
460 3128 529 3185 iuba
542 3127 626 3201 galea
639 3125 696 3182 alta
711 3125 895 3184 Chimaeram

155 3225 283 3294 sustinet,
302 3228 446 3282 Aetnaeos
461 3224 609 3282 efflantem
625 3224 756 3280 saucibus
772 3224 863 3297 ignis:

156 3335 214 3381 tam
229 3325 319 3398 magis
335 3324 382 3381 illa
396 3325 523 3381 fremens
539 3334 567 3381 et
581 3322 708 3380 tristibus
723 3322 812 3379 effera
827 3322 959 3391 flammis

155 3440 243 3496 quam
259 3423 349 3496 magis
364 3423 455 3480 effuso
471 3422 648 3479 crudescunt
663 3421 803 3494 sanguine
821 3437 945 3494 pugnae.

156 3522 193 3576 At
208 3519 302 3575 levem
317 3521 444 3594 clipeum
459 3521 576 3578 sublatis
592 3519 729 3576 cornibus
746 3521 780 3576 Io

156 3635 225 3674 auro
240 3617 403 3690 insignibat,
420 3619 476 3674 iarn
492 3619 577 3675 saetis
592 3618 695 3687 obsita,
711 3617 768 3673 iarn
783 3616 836 3674 bos

160 3715 377 3790 (argumentum
394 3717 523 3792 ingens),
537 3736 552 3772 e
581 3725 678 3773 custos
693 3715 809 3788 virginis
825 3716 916 3788 Argus

391 3845 425 3877 ⁷7⁸
437 3847 461 3888 in
473 3846 552 3890 undas.
576 3847 607 3890 H.
820 3843 944 3886 ⁷⁵1secius.
967 3842 999 3887 H.
