<?xml version="1.0" encoding="UTF-8"?>
<!DOCTYPE html PUBLIC "-//W3C//DTD XHTML 1.0 Transitional//EN"
    "http://www.w3.org/TR/xhtml1/DTD/xhtml1-transitional.dtd">
<html xmlns="http://www.w3.org/1999/xhtml" xml:lang="en" lang="en">
 <head>
  <title>
</title>
<meta http-equiv="Content-Type" content="text/html;charset=utf-8" />
  <meta name='ocr-system' content='tesseract 3.04.00' />
  <meta name='ocr-capabilities' content='ocr_page ocr_carea ocr_par ocr_line ocrx_word'/>
</head>
<body>
  <div class='ocr_page' id='page_1' title='image "./greaterpoemsvir03virggoog_0206.png"; bbox 0 0 2742 4284; ppageno 0'>
   <div class='ocr_carea' id='block_1_1' title="bbox 143 290 1193 402">
    <p class='ocr_par' dir='ltr' id='par_1_1' title="bbox 143 290 1193 402">
     <span class='ocr_line' id='line_1_1' title="bbox 143 290 1193 402; baseline -0.011 -16"><span class='ocrx_word' id='word_1_1' title='bbox 143 340 206 386; x_wconf 87' lang='lat'><strong>200</strong></span> <span class='ocrx_word' id='word_1_2' title='bbox 424 321 455 383; x_wconf 89' lang='lat' dir='ltr'><em>T</em></span> <span class='ocrx_word' id='word_1_3' title='bbox 451 321 491 384; x_wconf 76' lang='lat' dir='ltr'><strong>lte</strong></span> <span class='ocrx_word' id='word_1_4' title='bbox 519 290 682 402; x_wconf 72' lang='lat' dir='ltr'><strong>Trat&#39;nirzg</strong></span> <span class='ocrx_word' id='word_1_5' title='bbox 703 320 744 401; x_wconf 86' lang='lat' dir='ltr'><strong>os</strong></span> <span class='ocrx_word' id='word_1_6' title='bbox 760 318 889 383; x_wconf 75' lang='lat' dir='ltr'><strong>Horres.</strong></span> <span class='ocrx_word' id='word_1_7' title='bbox 1037 327 1193 391; x_wconf 74' lang='lat' dir='ltr'><strong>[Groncroe.</strong></span> 
     </span>
    </p>
   </div>
   <div class='ocr_carea' id='block_1_2' title="bbox 83 504 992 3814">
    <p class='ocr_par' dir='ltr' id='par_1_2' title="bbox 83 504 889 760">
     <span class='ocr_line' id='line_1_2' title="bbox 141 504 865 584; baseline -0.004 -19"><span class='ocrx_word' id='word_1_8' title='bbox 141 509 340 584; x_wconf 90' lang='lat' dir='ltr'><strong>continuoque</strong></span> <span class='ocrx_word' id='word_1_9' title='bbox 355 517 440 566; x_wconf 89' lang='lat' dir='ltr'><strong>notas</strong></span> <span class='ocrx_word' id='word_1_10' title='bbox 454 516 484 565; x_wconf 88' lang='lat' dir='ltr'><strong>et</strong></span> <span class='ocrx_word' id='word_1_11' title='bbox 497 506 618 564; x_wconf 91' lang='lat' dir='ltr'><strong>nomina</strong></span> <span class='ocrx_word' id='word_1_12' title='bbox 632 504 725 580; x_wconf 92' lang='lat' dir='ltr'><strong>gentis</strong></span> <span class='ocrx_word' id='word_1_13' title='bbox 739 505 865 576; x_wconf 88' lang='lat' dir='ltr'><strong>inurunt,</strong></span> 
     </span>
     <span class='ocr_line' id='line_1_3' title="bbox 83 602 889 681; baseline 0 -19"><span class='ocrx_word' id='word_1_14' title='bbox 83 622 89 632; x_wconf 90' lang='lat'><strong>·</strong></span> <span class='ocrx_word' id='word_1_15' title='bbox 141 615 169 662; x_wconf 92' lang='lat' dir='ltr'><strong>et</strong></span> <span class='ocrx_word' id='word_1_16' title='bbox 185 624 258 679; x_wconf 90' lang='lat' dir='ltr'><strong>quos</strong></span> <span class='ocrx_word' id='word_1_17' title='bbox 273 615 322 672; x_wconf 82' lang='lat' dir='ltr'><strong>aut</strong></span> <span class='ocrx_word' id='word_1_18' title='bbox 337 605 436 681; x_wconf 92' lang='lat' dir='ltr'><strong>pecori</strong></span> <span class='ocrx_word' id='word_1_19' title='bbox 452 605 552 662; x_wconf 85' lang='lat' dir='ltr'><strong>malint</strong></span> <span class='ocrx_word' id='word_1_20' title='bbox 566 604 735 662; x_wconf 86' lang='lat' dir='ltr'>submittere</span> <span class='ocrx_word' id='word_1_21' title='bbox 751 602 889 662; x_wconf 90' lang='lat' dir='ltr'><strong>habendo</strong></span> 
     </span>
     <span class='ocr_line' id='line_1_4' title="bbox 140 699 835 760; baseline 0 -2"><span class='ocrx_word' id='word_1_22' title='bbox 140 709 189 758; x_wconf 89' lang='lat' dir='ltr'><strong>aut</strong></span> <span class='ocrx_word' id='word_1_23' title='bbox 204 703 259 759; x_wconf 89' lang='lat' dir='ltr'><strong>aris</strong></span> <span class='ocrx_word' id='word_1_24' title='bbox 274 720 385 759; x_wconf 89' lang='lat' dir='ltr'><strong>servare</strong></span> <span class='ocrx_word' id='word_1_25' title='bbox 400 720 497 760; x_wconf 90' lang='lat' dir='ltr'><strong>sacros</strong></span> <span class='ocrx_word' id='word_1_26' title='bbox 512 711 561 758; x_wconf 87' lang='lat' dir='ltr'><strong>aut</strong></span> <span class='ocrx_word' id='word_1_27' title='bbox 576 699 711 758; x_wconf 87' lang='lat' dir='ltr'>scindere</span> <span class='ocrx_word' id='word_1_28' title='bbox 730 710 835 758; x_wconf 90' lang='lat' dir='ltr'><strong>terram</strong></span> 
     </span>
    </p>

    <p class='ocr_par' dir='ltr' id='par_1_3' title="bbox 115 797 883 972">
     <span class='ocr_line' id='line_1_5' title="bbox 115 797 883 874; baseline 0.003 -18"><span class='ocrx_word' id='word_1_29' title='bbox 115 843 116 846; x_wconf 63' lang='lat'><strong>,</strong></span> <span class='ocrx_word' id='word_1_30' title='bbox 139 809 169 857; x_wconf 90' lang='lat' dir='ltr'><strong>et</strong></span> <span class='ocrx_word' id='word_1_31' title='bbox 183 817 322 874; x_wconf 91' lang='lat' dir='ltr'><strong>campum</strong></span> <span class='ocrx_word' id='word_1_32' title='bbox 336 797 502 856; x_wconf 87' lang='lat' dir='ltr'><strong>horrentem</strong></span> <span class='ocrx_word' id='word_1_33' title='bbox 517 798 612 856; x_wconf 88' lang='lat' dir='ltr'><strong>fractis</strong></span> <span class='ocrx_word' id='word_1_34' title='bbox 627 797 768 856; x_wconf 90' lang='lat' dir='ltr'><strong>invertere</strong></span> <span class='ocrx_word' id='word_1_35' title='bbox 783 799 883 874; x_wconf 80' lang='lat' dir='ltr'><strong>glebis.</strong></span> 
     </span>
     <span class='ocr_line' id='line_1_6' title="bbox 140 895 868 972; baseline -0.003 -16"><span class='ocrx_word' id='word_1_36' title='bbox 140 899 247 956; x_wconf 86' lang='lat' dir='ltr'><strong>Cetera</strong></span> <span class='ocrx_word' id='word_1_37' title='bbox 259 907 419 972; x_wconf 89' lang='lat' dir='ltr'><strong>pascuntur</strong></span> <span class='ocrx_word' id='word_1_38' title='bbox 432 895 527 954; x_wconf 88' lang='lat' dir='ltr'><strong>viridis</strong></span> <span class='ocrx_word' id='word_1_39' title='bbox 541 906 672 954; x_wconf 87' lang='lat' dir='ltr'><strong>armenta</strong></span> <span class='ocrx_word' id='word_1_40' title='bbox 689 913 742 972; x_wconf 90' lang='lat' dir='ltr'><strong>per</strong></span> <span class='ocrx_word' id='word_1_41' title='bbox 756 897 868 955; x_wconf 85' lang='lat' dir='ltr'><strong>herbas.</strong></span> 
     </span>
    </p>

    <p class='ocr_par' dir='ltr' id='par_1_4' title="bbox 138 994 988 1170">
     <span class='ocr_line' id='line_1_7' title="bbox 138 994 988 1070; baseline 0.004 -18"><span class='ocrx_word' id='word_1_42' title='bbox 138 997 184 1054; x_wconf 87' lang='lat' dir='ltr'><strong>Tu</strong></span> <span class='ocrx_word' id='word_1_43' title='bbox 200 1014 273 1070; x_wconf 93' lang='lat' dir='ltr'><strong>quos</strong></span> <span class='ocrx_word' id='word_1_44' title='bbox 287 994 325 1052; x_wconf 93' lang='lat' dir='ltr'><strong>ad</strong></span> <span class='ocrx_word' id='word_1_45' title='bbox 340 994 468 1052; x_wconf 92' lang='lat' dir='ltr'><strong>studium</strong></span> <span class='ocrx_word' id='word_1_46' title='bbox 482 1005 570 1068; x_wconf 84' lang='lat' dir='ltr'><strong>atque</strong></span> <span class='ocrx_word' id='word_1_47' title='bbox 585 1013 669 1052; x_wconf 91' lang='lat' dir='ltr'><strong>usum</strong></span> <span class='ocrx_word' id='word_1_48' title='bbox 684 995 821 1053; x_wconf 78' lang='lat' dir='ltr'><strong>formabis</strong></span> <span class='ocrx_word' id='word_1_49' title='bbox 835 1006 988 1070; x_wconf 85' lang='lat' dir='ltr'><strong>agrestem,</strong></span> 
     </span>
     <span class='ocr_line' id='line_1_8' title="bbox 139 1091 872 1170; baseline 0.001 -20"><span class='ocrx_word' id='word_1_50' title='bbox 139 1094 195 1150; x_wconf 91' lang='lat' dir='ltr'><strong>iam</strong></span> <span class='ocrx_word' id='word_1_51' title='bbox 211 1093 314 1170; x_wconf 86' lang='lat' dir='ltr'><strong>vitulos</strong></span> <span class='ocrx_word' id='word_1_52' title='bbox 330 1092 443 1148; x_wconf 90' lang='lat' dir='ltr'><strong>hortare</strong></span> <span class='ocrx_word' id='word_1_53' title='bbox 458 1092 592 1165; x_wconf 89' lang='lat' dir='ltr'><strong>viamque</strong></span> <span class='ocrx_word' id='word_1_54' title='bbox 608 1093 707 1151; x_wconf 89' lang='lat' dir='ltr'><strong>insiste</strong></span> <span class='ocrx_word' id='word_1_55' title='bbox 722 1091 872 1165; x_wconf 89' lang='lat' dir='ltr'><strong>domandi,</strong></span> 
     </span>
    </p>

    <p class='ocr_par' dir='ltr' id='par_1_5' title="bbox 139 1187 907 1260">
     <span class='ocr_line' id='line_1_9' title="bbox 139 1187 907 1260; baseline 0.004 -13"><span class='ocrx_word' id='word_1_56' title='bbox 139 1189 210 1247; x_wconf 93' lang='lat' dir='ltr'><strong>durn</strong></span> <span class='ocrx_word' id='word_1_57' title='bbox 224 1190 322 1250; x_wconf 83' lang='lat' dir='ltr'><strong>faciles</strong></span> <span class='ocrx_word' id='word_1_58' title='bbox 338 1189 426 1246; x_wconf 92' lang='lat' dir='ltr'><strong>animi</strong></span> <span class='ocrx_word' id='word_1_59' title='bbox 441 1189 587 1260; x_wconf 91' lang='lat' dir='ltr'><strong>iuvenum,</strong></span> <span class='ocrx_word' id='word_1_60' title='bbox 603 1187 675 1247; x_wconf 90' lang='lat' dir='ltr'><strong>dum</strong></span> <span class='ocrx_word' id='word_1_61' title='bbox 691 1192 805 1249; x_wconf 93' lang='lat' dir='ltr'><strong>mobilis</strong></span> <span class='ocrx_word' id='word_1_62' title='bbox 820 1202 907 1250; x_wconf 90' lang='lat' dir='ltr'><strong>aetas.</strong></span> 
     </span>
    </p>

    <p class='ocr_par' dir='ltr' id='par_1_6' title="bbox 139 1286 850 1366">
     <span class='ocr_line' id='line_1_10' title="bbox 139 1286 850 1366; baseline 0.004 -22"><span class='ocrx_word' id='word_1_63' title='bbox 139 1290 183 1344; x_wconf 87' lang='lat' dir='ltr'><strong>Ac</strong></span> <span class='ocrx_word' id='word_1_64' title='bbox 197 1288 323 1362; x_wconf 92' lang='lat' dir='ltr'><strong>primum</strong></span> <span class='ocrx_word' id='word_1_65' title='bbox 338 1288 417 1345; x_wconf 87' lang='lat' dir='ltr'><strong>laxos</strong></span> <span class='ocrx_word' id='word_1_66' title='bbox 433 1287 513 1344; x_wconf 90' lang='lat' dir='ltr'><strong>tenui</strong></span> <span class='ocrx_word' id='word_1_67' title='bbox 528 1286 566 1344; x_wconf 92' lang='lat' dir='ltr'><strong>de</strong></span> <span class='ocrx_word' id='word_1_68' title='bbox 581 1287 689 1344; x_wconf 90' lang='lat' dir='ltr'><strong>vimine</strong></span> <span class='ocrx_word' id='word_1_69' title='bbox 705 1289 809 1348; x_wconf 88' lang='lat' dir='ltr'><strong>circlos</strong></span> <span class='ocrx_word' id='word_1_70' title='bbox 845 1359 850 1366; x_wconf 17' lang='grc' dir='ltr'><em>ρ</em></span> 
     </span>
    </p>

    <p class='ocr_par' dir='ltr' id='par_1_7' title="bbox 139 1384 817 1456">
     <span class='ocr_line' id='line_1_11' title="bbox 139 1384 817 1456; baseline 0.001 -13"><span class='ocrx_word' id='word_1_71' title='bbox 139 1386 244 1444; x_wconf 87' lang='lat' dir='ltr'><strong>cervici</strong></span> <span class='ocrx_word' id='word_1_72' title='bbox 258 1386 399 1444; x_wconf 87' lang='lat' dir='ltr'><strong>subnecte</strong></span> <span class='ocrx_word' id='word_1_73' title='bbox 411 1406 419 1456; x_wconf 80' lang='lat'><em>3</em></span> <span class='ocrx_word' id='word_1_74' title='bbox 441 1384 558 1456; x_wconf 89' lang='lat' dir='ltr'><strong>dehinc,</strong></span> <span class='ocrx_word' id='word_1_75' title='bbox 575 1385 625 1443; x_wconf 91' lang='lat' dir='ltr'><strong>ubi</strong></span> <span class='ocrx_word' id='word_1_76' title='bbox 638 1385 728 1443; x_wconf 90' lang='lat' dir='ltr'><strong>libera</strong></span> <span class='ocrx_word' id='word_1_77' title='bbox 741 1388 817 1444; x_wconf 90' lang='lat' dir='ltr'><strong>colla</strong></span> 
     </span>
    </p>

    <p class='ocr_par' dir='ltr' id='par_1_8' title="bbox 138 1483 804 1558">
     <span class='ocr_line' id='line_1_12' title="bbox 138 1483 804 1558; baseline 0 -16"><span class='ocrx_word' id='word_1_78' title='bbox 138 1485 253 1542; x_wconf 88' lang='lat' dir='ltr'><strong>servitio</strong></span> <span class='ocrx_word' id='word_1_79' title='bbox 267 1483 423 1553; x_wconf 88' lang='lat' dir='ltr'><strong>adsuerint,</strong></span> <span class='ocrx_word' id='word_1_80' title='bbox 440 1483 508 1558; x_wconf 93' lang='lat' dir='ltr'><strong>ipsis</strong></span> <span class='ocrx_word' id='word_1_81' title='bbox 523 1501 539 1540; x_wconf 91' lang='lat' dir='ltr'><strong>e</strong></span> <span class='ocrx_word' id='word_1_82' title='bbox 554 1483 706 1556; x_wconf 89' lang='lat' dir='ltr'><strong>torquibus</strong></span> <span class='ocrx_word' id='word_1_83' title='bbox 719 1494 804 1558; x_wconf 88' lang='lat' dir='ltr'><strong>aptos</strong></span> 
     </span>
    </p>

    <p class='ocr_par' dir='ltr' id='par_1_9' title="bbox 137 1580 921 1755">
     <span class='ocr_line' id='line_1_13' title="bbox 137 1580 921 1658; baseline 0.003 -18"><span class='ocrx_word' id='word_1_84' title='bbox 137 1584 223 1658; x_wconf 91' lang='lat' dir='ltr'><strong>iunge</strong></span> <span class='ocrx_word' id='word_1_85' title='bbox 238 1599 331 1657; x_wconf 63' lang='lat' dir='ltr'><strong>pares</strong></span> <span class='ocrx_word' id='word_1_86' title='bbox 347 1591 376 1637; x_wconf 91' lang='lat' dir='ltr'><strong>et</strong></span> <span class='ocrx_word' id='word_1_87' title='bbox 391 1599 464 1655; x_wconf 88' lang='lat' dir='ltr'><strong>coge</strong></span> <span class='ocrx_word' id='word_1_88' title='bbox 478 1580 601 1656; x_wconf 88' lang='lat' dir='ltr'><strong>gradum</strong></span> <span class='ocrx_word' id='word_1_89' title='bbox 616 1581 748 1639; x_wconf 85' lang='lat' dir='ltr'><strong>conferre</strong></span> <span class='ocrx_word' id='word_1_90' title='bbox 762 1583 921 1656; x_wconf 82' lang='lat' dir='ltr'><strong>iuvencos3</strong></span> 
     </span>
     <span class='ocr_line' id='line_1_14' title="bbox 137 1679 837 1755; baseline 0 -17"><span class='ocrx_word' id='word_1_91' title='bbox 137 1690 224 1755; x_wconf 89' lang='lat' dir='ltr'><strong>atque</strong></span> <span class='ocrx_word' id='word_1_92' title='bbox 239 1680 292 1737; x_wconf 88' lang='lat' dir='ltr'><strong>illis</strong></span> <span class='ocrx_word' id='word_1_93' title='bbox 307 1680 364 1736; x_wconf 89' lang='lat' dir='ltr'><strong>iarn</strong></span> <span class='ocrx_word' id='word_1_94' title='bbox 379 1697 467 1753; x_wconf 82' lang='lat' dir='ltr'><strong>saepe</strong></span> <span class='ocrx_word' id='word_1_95' title='bbox 481 1689 562 1736; x_wconf 89' lang='lat' dir='ltr'><strong>rotae</strong></span> <span class='ocrx_word' id='word_1_96' title='bbox 578 1679 722 1737; x_wconf 90' lang='lat' dir='ltr'><strong>ducantur</strong></span> <span class='ocrx_word' id='word_1_97' title='bbox 736 1681 837 1738; x_wconf 90' lang='lat' dir='ltr'><strong>inanes</strong></span> 
     </span>
    </p>

    <p class='ocr_par' dir='ltr' id='par_1_10' title="bbox 137 1776 908 1853">
     <span class='ocr_line' id='line_1_15' title="bbox 137 1776 908 1853; baseline 0.001 -18"><span class='ocrx_word' id='word_1_98' title='bbox 137 1796 189 1853; x_wconf 89' lang='lat' dir='ltr'><strong>per</strong></span> <span class='ocrx_word' id='word_1_99' title='bbox 203 1788 318 1848; x_wconf 90' lang='lat' dir='ltr'><strong>terram,</strong></span> <span class='ocrx_word' id='word_1_100' title='bbox 334 1787 363 1834; x_wconf 90' lang='lat' dir='ltr'><strong>et</strong></span> <span class='ocrx_word' id='word_1_101' title='bbox 377 1795 493 1834; x_wconf 90' lang='lat' dir='ltr'><strong>summo</strong></span> <span class='ocrx_word' id='word_1_102' title='bbox 508 1776 628 1851; x_wconf 86' lang='lat' dir='ltr'><strong>vestigia</strong></span> <span class='ocrx_word' id='word_1_103' title='bbox 642 1778 760 1853; x_wconf 91' lang='lat' dir='ltr'><strong>pulvere</strong></span> <span class='ocrx_word' id='word_1_104' title='bbox 775 1779 908 1853; x_wconf 88' lang='lat' dir='ltr'><strong>signent;</strong></span> 
     </span>
    </p>

    <p class='ocr_par' dir='ltr' id='par_1_11' title="bbox 122 1865 956 2522">
     <span class='ocr_line' id='line_1_16' title="bbox 122 1865 842 1951; baseline 0.001 -18"><span class='ocrx_word' id='word_1_105' title='bbox 122 1865 124 1870; x_wconf 14' lang='grc' dir='ltr'><em>Α</em></span> <span class='ocrx_word' id='word_1_106' title='bbox 137 1885 203 1951; x_wconf 93' lang='lat' dir='ltr'><strong>post</strong></span> <span class='ocrx_word' id='word_1_107' title='bbox 217 1873 313 1932; x_wconf 88' lang='lat' dir='ltr'><strong>valido</strong></span> <span class='ocrx_word' id='word_1_108' title='bbox 328 1875 423 1932; x_wconf 89' lang='lat' dir='ltr'><strong>nitens</strong></span> <span class='ocrx_word' id='word_1_109' title='bbox 438 1875 492 1932; x_wconf 92' lang='lat' dir='ltr'><strong>sub</strong></span> <span class='ocrx_word' id='word_1_110' title='bbox 506 1874 638 1950; x_wconf 92' lang='lat' dir='ltr'><strong>pondere</strong></span> <span class='ocrx_word' id='word_1_111' title='bbox 654 1876 767 1951; x_wconf 80' lang='lat' dir='ltr'><strong>faginus</strong></span> <span class='ocrx_word' id='word_1_112' title='bbox 780 1878 842 1934; x_wconf 84' lang='lat' dir='ltr'><strong>axis</strong></span> 
     </span>
     <span class='ocr_line' id='line_1_17' title="bbox 137 1973 887 2048; baseline 0.004 -18"><span class='ocrx_word' id='word_1_113' title='bbox 137 1975 285 2048; x_wconf 89' lang='lat' dir='ltr'><strong>instrepat,</strong></span> <span class='ocrx_word' id='word_1_114' title='bbox 301 1983 329 2030; x_wconf 92' lang='lat' dir='ltr'><strong>et</strong></span> <span class='ocrx_word' id='word_1_115' title='bbox 344 1973 457 2030; x_wconf 90' lang='lat' dir='ltr'><strong>iunctos</strong></span> <span class='ocrx_word' id='word_1_116' title='bbox 473 1982 552 2030; x_wconf 90' lang='lat' dir='ltr'><strong>temo</strong></span> <span class='ocrx_word' id='word_1_117' title='bbox 567 1974 660 2030; x_wconf 87' lang='lat' dir='ltr'><strong>trahat</strong></span> <span class='ocrx_word' id='word_1_118' title='bbox 677 1992 778 2032; x_wconf 90' lang='lat' dir='ltr'><strong>aereus</strong></span> <span class='ocrx_word' id='word_1_119' title='bbox 793 1976 887 2034; x_wconf 91' lang='lat' dir='ltr'><strong>orbes.</strong></span> 
     </span>
     <span class='ocr_line' id='line_1_18' title="bbox 137 2070 858 2146; baseline 0 -16"><span class='ocrx_word' id='word_1_120' title='bbox 137 2074 253 2130; x_wconf 90' lang='lat' dir='ltr'><strong>Interea</strong></span> <span class='ocrx_word' id='word_1_121' title='bbox 267 2071 338 2146; x_wconf 92' lang='lat' dir='ltr'><strong>pubi</strong></span> <span class='ocrx_word' id='word_1_122' title='bbox 353 2070 512 2128; x_wconf 86' lang='lat' dir='ltr'><strong>indomitae</strong></span> <span class='ocrx_word' id='word_1_123' title='bbox 526 2089 587 2128; x_wconf 95' lang='lat' dir='ltr'><strong>non</strong></span> <span class='ocrx_word' id='word_1_124' title='bbox 601 2072 733 2145; x_wconf 87' lang='lat' dir='ltr'><strong>gramina</strong></span> <span class='ocrx_word' id='word_1_125' title='bbox 746 2082 858 2130; x_wconf 89' lang='lat' dir='ltr'><strong>tantum</strong></span> 
     </span>
     <span class='ocr_line' id='line_1_19' title="bbox 137 2168 925 2244; baseline 0.001 -17"><span class='ocrx_word' id='word_1_126' title='bbox 137 2188 193 2228; x_wconf 90' lang='lat' dir='ltr'><strong>nec</strong></span> <span class='ocrx_word' id='word_1_127' title='bbox 208 2187 308 2227; x_wconf 87' lang='lat' dir='ltr'><strong>vescas</strong></span> <span class='ocrx_word' id='word_1_128' title='bbox 323 2169 443 2226; x_wconf 91' lang='lat' dir='ltr'><strong>salicum</strong></span> <span class='ocrx_word' id='word_1_129' title='bbox 458 2168 575 2226; x_wconf 83' lang='lat' dir='ltr'><strong>frondes</strong></span> <span class='ocrx_word' id='word_1_130' title='bbox 591 2169 746 2242; x_wconf 89' lang='lat' dir='ltr'><strong>ulvamque</strong></span> <span class='ocrx_word' id='word_1_131' title='bbox 761 2170 925 2244; x_wconf 90' lang='lat' dir='ltr'><strong>palustrem,</strong></span> 
     </span>
     <span class='ocr_line' id='line_1_20' title="bbox 136 2267 956 2340; baseline 0.002 -15"><span class='ocrx_word' id='word_1_132' title='bbox 136 2277 181 2326; x_wconf 84' lang='lat' dir='ltr'><strong>set</strong></span> <span class='ocrx_word' id='word_1_133' title='bbox 194 2268 338 2324; x_wconf 85' lang='lat' dir='ltr'><strong>frumenta</strong></span> <span class='ocrx_word' id='word_1_134' title='bbox 352 2285 440 2324; x_wconf 91' lang='lat' dir='ltr'><strong>manu</strong></span> <span class='ocrx_word' id='word_1_135' title='bbox 454 2283 556 2340; x_wconf 87' lang='lat' dir='ltr'><strong>carpes</strong></span> <span class='ocrx_word' id='word_1_136' title='bbox 571 2275 651 2338; x_wconf 87' lang='lat' dir='ltr'><strong>sata;</strong></span> <span class='ocrx_word' id='word_1_137' title='bbox 674 2284 730 2324; x_wconf 91' lang='lat' dir='ltr'><strong>nec</strong></span> <span class='ocrx_word' id='word_1_138' title='bbox 745 2267 798 2325; x_wconf 88' lang='lat' dir='ltr'><strong>tibi</strong></span> <span class='ocrx_word' id='word_1_139' title='bbox 813 2269 887 2326; x_wconf 79' lang='lat' dir='ltr'><strong>letae</strong></span> <span class='ocrx_word' id='word_1_140' title='bbox 953 2282 956 2288; x_wconf 89' lang='grc'><strong>’</strong></span> 
     </span>
     <span class='ocr_line' id='line_1_21' title="bbox 138 2365 933 2440; baseline 0 -16"><span class='ocrx_word' id='word_1_141' title='bbox 138 2383 218 2424; x_wconf 89' lang='lat' dir='ltr'><strong>more</strong></span> <span class='ocrx_word' id='word_1_142' title='bbox 233 2375 348 2440; x_wconf 92' lang='lat' dir='ltr'><strong>patrum</strong></span> <span class='ocrx_word' id='word_1_143' title='bbox 362 2366 447 2422; x_wconf 86' lang='lat' dir='ltr'><strong>nivea</strong></span> <span class='ocrx_word' id='word_1_144' title='bbox 461 2365 624 2440; x_wconf 91' lang='lat' dir='ltr'><strong>implebunt</strong></span> <span class='ocrx_word' id='word_1_145' title='bbox 639 2365 803 2422; x_wconf 90' lang='lat' dir='ltr'><strong>mulctraria</strong></span> <span class='ocrx_word' id='word_1_146' title='bbox 817 2384 933 2438; x_wconf 89' lang='lat' dir='ltr'><strong>vaccae,</strong></span> 
     </span>
     <span class='ocr_line' id='line_1_22' title="bbox 137 2463 823 2522; baseline 0.001 -1"><span class='ocrx_word' id='word_1_147' title='bbox 137 2464 189 2521; x_wconf 89' lang='lat' dir='ltr'><strong>sed</strong></span> <span class='ocrx_word' id='word_1_148' title='bbox 204 2473 265 2521; x_wconf 89' lang='lat' dir='ltr'><strong>tota</strong></span> <span class='ocrx_word' id='word_1_149' title='bbox 280 2463 309 2520; x_wconf 91' lang='lat' dir='ltr'><strong>in</strong></span> <span class='ocrx_word' id='word_1_150' title='bbox 322 2463 417 2520; x_wconf 90' lang='lat' dir='ltr'><strong>dulcis</strong></span> <span class='ocrx_word' id='word_1_151' title='bbox 433 2473 608 2521; x_wconf 89' lang='lat' dir='ltr'><strong>consument</strong></span> <span class='ocrx_word' id='word_1_152' title='bbox 623 2464 716 2521; x_wconf 92' lang='lat' dir='ltr'><strong>ubera</strong></span> <span class='ocrx_word' id='word_1_153' title='bbox 731 2472 823 2522; x_wconf 91' lang='lat' dir='ltr'><strong>natos.</strong></span> 
     </span>
    </p>

    <p class='ocr_par' dir='ltr' id='par_1_12' title="bbox 135 2561 992 3814">
     <span class='ocr_line' id='line_1_23' title="bbox 177 2561 932 2636; baseline 0 -16"><span class='ocrx_word' id='word_1_154' title='bbox 177 2562 226 2620; x_wconf 87' lang='lat' dir='ltr'><strong>Sin</strong></span> <span class='ocrx_word' id='word_1_155' title='bbox 240 2561 278 2618; x_wconf 92' lang='lat' dir='ltr'><strong>ad</strong></span> <span class='ocrx_word' id='word_1_156' title='bbox 294 2561 369 2619; x_wconf 88' lang='lat' dir='ltr'><strong>bella</strong></span> <span class='ocrx_word' id='word_1_157' title='bbox 382 2562 474 2636; x_wconf 91' lang='lat' dir='ltr'><strong>magis</strong></span> <span class='ocrx_word' id='word_1_158' title='bbox 490 2561 619 2619; x_wconf 87' lang='lat' dir='ltr'><strong>studium</strong></span> <span class='ocrx_word' id='word_1_159' title='bbox 635 2572 803 2636; x_wconf 91' lang='lat' dir='ltr'><strong>turmasque</strong></span> <span class='ocrx_word' id='word_1_160' title='bbox 818 2563 932 2634; x_wconf 79' lang='lat' dir='ltr'><strong>ferociS,</strong></span> 
     </span>
     <span class='ocr_line' id='line_1_24' title="bbox 137 2658 773 2733; baseline 0.002 -18"><span class='ocrx_word' id='word_1_161' title='bbox 137 2668 185 2717; x_wconf 88' lang='lat' dir='ltr'><strong>aut</strong></span> <span class='ocrx_word' id='word_1_162' title='bbox 200 2659 313 2733; x_wconf 87' lang='lat' dir='ltr'><strong>Alphea</strong></span> <span class='ocrx_word' id='word_1_163' title='bbox 327 2659 395 2717; x_wconf 92' lang='lat' dir='ltr'><strong>rotis</strong></span> <span class='ocrx_word' id='word_1_164' title='bbox 410 2659 539 2733; x_wconf 88' lang='lat' dir='ltr'><strong>praelabi</strong></span> <span class='ocrx_word' id='word_1_165' title='bbox 554 2658 674 2716; x_wconf 89' lang='lat' dir='ltr'><strong>flumina</strong></span> <span class='ocrx_word' id='word_1_166' title='bbox 691 2660 773 2717; x_wconf 88' lang='lat' dir='ltr'><strong>Pisae</strong></span> 
     </span>
     <span class='ocr_line' id='line_1_25' title="bbox 136 2756 769 2831; baseline 0.003 -18"><span class='ocrx_word' id='word_1_167' title='bbox 136 2766 165 2813; x_wconf 90' lang='lat' dir='ltr'><strong>et</strong></span> <span class='ocrx_word' id='word_1_168' title='bbox 179 2756 256 2814; x_wconf 92' lang='lat' dir='ltr'><strong>Iovis</strong></span> <span class='ocrx_word' id='word_1_169' title='bbox 272 2756 301 2813; x_wconf 93' lang='lat' dir='ltr'><strong>in</strong></span> <span class='ocrx_word' id='word_1_170' title='bbox 315 2757 382 2814; x_wconf 92' lang='lat' dir='ltr'><strong>luco</strong></span> <span class='ocrx_word' id='word_1_171' title='bbox 399 2773 497 2814; x_wconf 89' lang='lat' dir='ltr'><strong>currus</strong></span> <span class='ocrx_word' id='word_1_172' title='bbox 512 2757 618 2831; x_wconf 87' lang='lat' dir='ltr'><strong>agitare</strong></span> <span class='ocrx_word' id='word_1_173' title='bbox 637 2758 769 2828; x_wconf 77' lang='lat' dir='ltr'><strong>volantiS,</strong></span> 
     </span>
     <span class='ocr_line' id='line_1_26' title="bbox 135 2854 930 2930; baseline 0.004 -19"><span class='ocrx_word' id='word_1_174' title='bbox 135 2854 244 2928; x_wconf 89' lang='lat' dir='ltr'><strong>primus</strong></span> <span class='ocrx_word' id='word_1_175' title='bbox 258 2855 327 2928; x_wconf 89' lang='lat' dir='ltr'><strong>equi</strong></span> <span class='ocrx_word' id='word_1_176' title='bbox 341 2854 422 2912; x_wconf 88' lang='lat' dir='ltr'><strong>labor</strong></span> <span class='ocrx_word' id='word_1_177' title='bbox 436 2864 489 2925; x_wconf 91' lang='lat' dir='ltr'><strong>est,</strong></span> <span class='ocrx_word' id='word_1_178' title='bbox 505 2855 617 2913; x_wconf 88' lang='lat' dir='ltr'><strong>animos</strong></span> <span class='ocrx_word' id='word_1_179' title='bbox 633 2865 721 2930; x_wconf 90' lang='lat' dir='ltr'><strong>atque</strong></span> <span class='ocrx_word' id='word_1_180' title='bbox 737 2874 818 2912; x_wconf 92' lang='lat' dir='ltr'><strong>arma</strong></span> <span class='ocrx_word' id='word_1_181' title='bbox 832 2856 930 2915; x_wconf 89' lang='lat' dir='ltr'><strong>videre</strong></span> 
     </span>
     <span class='ocr_line' id='line_1_27' title="bbox 136 2952 878 3028; baseline 0.003 -19"><span class='ocrx_word' id='word_1_182' title='bbox 136 2952 295 3010; x_wconf 90' lang='lat' dir='ltr'><strong>bellantum</strong></span> <span class='ocrx_word' id='word_1_183' title='bbox 311 2952 454 3026; x_wconf 91' lang='lat' dir='ltr'><strong>lituosque</strong></span> <span class='ocrx_word' id='word_1_184' title='bbox 469 2953 530 3026; x_wconf 88' lang='lat' dir='ltr'><strong>pati</strong></span> <span class='ocrx_word' id='word_1_185' title='bbox 544 2962 697 3026; x_wconf 89' lang='lat' dir='ltr'><strong>tractuque</strong></span> <span class='ocrx_word' id='word_1_186' title='bbox 713 2964 878 3028; x_wconf 87' lang='lat' dir='ltr'><strong>gementem</strong></span> 
     </span>
     <span class='ocr_line' id='line_1_28' title="bbox 135 3049 880 3124; baseline 0.004 -18"><span class='ocrx_word' id='word_1_187' title='bbox 135 3049 207 3106; x_wconf 90' lang='lat' dir='ltr'><strong>ferre</strong></span> <span class='ocrx_word' id='word_1_188' title='bbox 222 3060 315 3107; x_wconf 92' lang='lat' dir='ltr'><strong>rotam</strong></span> <span class='ocrx_word' id='word_1_189' title='bbox 330 3060 359 3108; x_wconf 92' lang='lat' dir='ltr'><strong>et</strong></span> <span class='ocrx_word' id='word_1_190' title='bbox 374 3051 486 3108; x_wconf 89' lang='lat' dir='ltr'><strong>stabulo</strong></span> <span class='ocrx_word' id='word_1_191' title='bbox 501 3051 598 3108; x_wconf 87' lang='lat' dir='ltr'><strong>frenos</strong></span> <span class='ocrx_word' id='word_1_192' title='bbox 615 3049 716 3108; x_wconf 91' lang='lat' dir='ltr'><strong>audire</strong></span> <span class='ocrx_word' id='word_1_193' title='bbox 732 3052 880 3124; x_wconf 89' lang='lat' dir='ltr'><strong>sonantis;</strong></span> 
     </span>
     <span class='ocr_line' id='line_1_29' title="bbox 136 3148 926 3224; baseline 0.003 -20"><span class='ocrx_word' id='word_1_194' title='bbox 136 3157 198 3205; x_wconf 92' lang='lat' dir='ltr'><strong>turn</strong></span> <span class='ocrx_word' id='word_1_195' title='bbox 212 3148 303 3222; x_wconf 88' lang='lat' dir='ltr'><strong>magis</strong></span> <span class='ocrx_word' id='word_1_196' title='bbox 318 3158 405 3223; x_wconf 89' lang='lat' dir='ltr'><strong>atque</strong></span> <span class='ocrx_word' id='word_1_197' title='bbox 421 3149 512 3224; x_wconf 89' lang='lat' dir='ltr'><strong>magis</strong></span> <span class='ocrx_word' id='word_1_198' title='bbox 526 3148 639 3207; x_wconf 90' lang='lat' dir='ltr'><strong>blandis</strong></span> <span class='ocrx_word' id='word_1_199' title='bbox 654 3148 784 3222; x_wconf 89' lang='lat' dir='ltr'><strong>gaudere</strong></span> <span class='ocrx_word' id='word_1_200' title='bbox 799 3149 926 3224; x_wconf 90' lang='lat' dir='ltr'><strong>magistri</strong></span> 
     </span>
     <span class='ocr_line' id='line_1_30' title="bbox 135 3245 845 3320; baseline 0.003 -17"><span class='ocrx_word' id='word_1_201' title='bbox 135 3245 268 3304; x_wconf 90' lang='lat' dir='ltr'><strong>laudibus</strong></span> <span class='ocrx_word' id='word_1_202' title='bbox 284 3255 313 3303; x_wconf 93' lang='lat' dir='ltr'><strong>et</strong></span> <span class='ocrx_word' id='word_1_203' title='bbox 328 3247 445 3320; x_wconf 88' lang='lat' dir='ltr'><strong>plausae</strong></span> <span class='ocrx_word' id='word_1_204' title='bbox 461 3247 587 3305; x_wconf 89' lang='lat' dir='ltr'><strong>sonitum</strong></span> <span class='ocrx_word' id='word_1_205' title='bbox 602 3247 722 3305; x_wconf 91' lang='lat' dir='ltr'><strong>cervicis</strong></span> <span class='ocrx_word' id='word_1_206' title='bbox 738 3265 845 3306; x_wconf 87' lang='lat' dir='ltr'><strong>amare.</strong></span> 
     </span>
     <span class='ocr_line' id='line_1_31' title="bbox 136 3343 925 3420; baseline 0.005 -19"><span class='ocrx_word' id='word_1_207' title='bbox 136 3347 232 3418; x_wconf 88' lang='lat' dir='ltr'><strong>Atque</strong></span> <span class='ocrx_word' id='word_1_208' title='bbox 247 3343 322 3401; x_wconf 89' lang='lat' dir='ltr'><strong>haec</strong></span> <span class='ocrx_word' id='word_1_209' title='bbox 336 3345 394 3401; x_wconf 92' lang='lat' dir='ltr'><strong>iam</strong></span> <span class='ocrx_word' id='word_1_210' title='bbox 409 3345 503 3418; x_wconf 91' lang='lat' dir='ltr'><strong>primo</strong></span> <span class='ocrx_word' id='word_1_211' title='bbox 518 3344 656 3420; x_wconf 92' lang='lat' dir='ltr'><strong>depulsus</strong></span> <span class='ocrx_word' id='word_1_212' title='bbox 669 3347 707 3405; x_wconf 87' lang='lat' dir='ltr'><strong>ab</strong></span> <span class='ocrx_word' id='word_1_213' title='bbox 722 3346 811 3404; x_wconf 93' lang='lat' dir='ltr'><strong>ubere</strong></span> <span class='ocrx_word' id='word_1_214' title='bbox 825 3347 925 3405; x_wconf 88' lang='lat' dir='ltr'><strong>matris</strong></span> 
     </span>
     <span class='ocr_line' id='line_1_32' title="bbox 135 3441 890 3520; baseline 0.005 -20"><span class='ocrx_word' id='word_1_215' title='bbox 135 3441 251 3513; x_wconf 88' lang='lat' dir='ltr'><strong>audeat,</strong></span> <span class='ocrx_word' id='word_1_216' title='bbox 267 3443 354 3517; x_wconf 92' lang='lat' dir='ltr'><strong>inque</strong></span> <span class='ocrx_word' id='word_1_217' title='bbox 369 3443 464 3500; x_wconf 90' lang='lat' dir='ltr'><strong>vicem</strong></span> <span class='ocrx_word' id='word_1_218' title='bbox 480 3442 531 3500; x_wconf 91' lang='lat' dir='ltr'><strong>det</strong></span> <span class='ocrx_word' id='word_1_219' title='bbox 546 3443 679 3502; x_wconf 91' lang='lat' dir='ltr'><strong>mollibus</strong></span> <span class='ocrx_word' id='word_1_220' title='bbox 696 3463 746 3502; x_wconf 92' lang='lat' dir='ltr'><strong>ora</strong></span> <span class='ocrx_word' id='word_1_221' title='bbox 761 3445 890 3520; x_wconf 90' lang='lat' dir='ltr'><strong>capistris</strong></span> 
     </span>
     <span class='ocr_line' id='line_1_33' title="bbox 135 3540 903 3615; baseline 0.004 -17"><span class='ocrx_word' id='word_1_222' title='bbox 135 3540 277 3598; x_wconf 91' lang='lat' dir='ltr'><strong>invalidus</strong></span> <span class='ocrx_word' id='word_1_223' title='bbox 293 3541 442 3615; x_wconf 75' lang='lat' dir='ltr'><strong>etiamque,</strong></span> <span class='ocrx_word' id='word_1_224' title='bbox 453 3551 589 3612; x_wconf 70' lang='lat' dir='ltr'><strong>tremens</strong></span> <span class='ocrx_word' id='word_1_225' title='bbox 605 3541 694 3599; x_wconf 88' lang='lat' dir='ltr'><strong>etiam</strong></span> <span class='ocrx_word' id='word_1_226' title='bbox 709 3542 816 3600; x_wconf 91' lang='lat' dir='ltr'><strong>inscius</strong></span> <span class='ocrx_word' id='word_1_227' title='bbox 831 3543 903 3602; x_wconf 89' lang='lat' dir='ltr'><strong>aevi.</strong></span> 
     </span>
     <span class='ocr_line' id='line_1_34' title="bbox 135 3638 867 3714; baseline 0.003 -18"><span class='ocrx_word' id='word_1_228' title='bbox 135 3641 173 3696; x_wconf 91' lang='lat' dir='ltr'><strong>At</strong></span> <span class='ocrx_word' id='word_1_229' title='bbox 187 3638 277 3696; x_wconf 89' lang='lat' dir='ltr'><strong>tribus</strong></span> <span class='ocrx_word' id='word_1_230' title='bbox 293 3639 401 3697; x_wconf 88' lang='lat' dir='ltr'><strong>exactis</strong></span> <span class='ocrx_word' id='word_1_231' title='bbox 416 3640 465 3699; x_wconf 94' lang='lat' dir='ltr'><strong>ubi</strong></span> <span class='ocrx_word' id='word_1_232' title='bbox 480 3649 581 3714; x_wconf 87' lang='lat' dir='ltr'><strong>quarta</strong></span> <span class='ocrx_word' id='word_1_233' title='bbox 595 3640 750 3700; x_wconf 88' lang='lat' dir='ltr'><strong>accesserit</strong></span> <span class='ocrx_word' id='word_1_234' title='bbox 764 3651 867 3712; x_wconf 91' lang='lat' dir='ltr'><strong>aestas,</strong></span> 
     </span>
     <span class='ocr_line' id='line_1_35' title="bbox 135 3736 992 3814; baseline 0.004 -19"><span class='ocrx_word' id='word_1_235' title='bbox 135 3754 254 3810; x_wconf 85' lang='lat' dir='ltr'><strong>carpere</strong></span> <span class='ocrx_word' id='word_1_236' title='bbox 270 3755 340 3793; x_wconf 88' lang='lat' dir='ltr'><strong>mox</strong></span> <span class='ocrx_word' id='word_1_237' title='bbox 354 3755 455 3812; x_wconf 90' lang='lat' dir='ltr'><strong>gyrum</strong></span> <span class='ocrx_word' id='word_1_238' title='bbox 468 3738 590 3814; x_wconf 88' lang='lat' dir='ltr'><strong>incipiat</strong></span> <span class='ocrx_word' id='word_1_239' title='bbox 604 3736 802 3814; x_wconf 89' lang='lat' dir='ltr'><strong>gradibusque</strong></span> <span class='ocrx_word' id='word_1_240' title='bbox 817 3756 921 3798; x_wconf 87' lang='lat' dir='ltr'><strong>sonare</strong></span> <span class='ocrx_word' id='word_1_241' title='bbox 988 3748 992 3753; x_wconf 77' lang='grc'><strong>“</strong></span> 
     </span>
    </p>
   </div>
   <div class='ocr_carea' id='block_1_3' title="bbox 308 3865 1013 3927">
    <p class='ocr_par' dir='ltr' id='par_1_13' title="bbox 308 3865 1013 3927">
     <span class='ocr_line' id='line_1_36' title="bbox 308 3865 1013 3927; baseline 0.009 -19"><span class='ocrx_word' id='word_1_242' title='bbox 308 3865 341 3898; x_wconf 62' lang='lat'><strong>1⁸⁹</strong></span> <span class='ocrx_word' id='word_1_243' title='bbox 351 3867 469 3912; x_wconf 66' lang='lat' dir='ltr'><strong>eraclius.</strong></span> <span class='ocrx_word' id='word_1_244' title='bbox 485 3869 513 3913; x_wconf 88' lang='lat' dir='ltr'><strong>R.</strong></span> <span class='ocrx_word' id='word_1_245' title='bbox 803 3867 837 3901; x_wconf 75' lang='lat'><strong>²⁹⁰</strong></span> <span class='ocrx_word' id='word_1_246' title='bbox 847 3870 968 3927; x_wconf 71' lang='lat' dir='ltr'><strong>acceperet.</strong></span> <span class='ocrx_word' id='word_1_247' title='bbox 984 3868 1013 3915; x_wconf 85' lang='lat' dir='ltr'><strong>R.</strong></span> 
     </span>
    </p>
   </div>
   <div class='ocr_carea' id='block_1_4' title="bbox 0 0 1376 4284">
    <p class='ocr_par' dir='ltr' id='par_1_14' title="bbox 0 0 1376 4284">
     <span class='ocr_line' id='line_1_37' title="bbox 0 0 1376 4284; baseline 0 2"><span class='ocrx_word' id='word_1_248' title='bbox 0 0 1376 4284; x_wconf 95' lang='lat' dir='ltr'><strong> </strong></span> 
     </span>
    </p>
   </div>
  </div>
 </body>
</html>
