2742 4284
183 277 326 341 V11.817.]
516 267 546 327 T
541 267 582 328 he
605 266 744 328 Maiden
770 263 920 328 Camilla.

182 451 353 526 caelataque
368 469 485 509 amnem
501 450 626 508 lundens
642 460 723 525 pater
740 450 865 506 Inachus
880 468 960 506 urna.

182 549 350 624 Insequitur
363 549 479 607 nimbus
494 548 627 624 peditum
642 548 825 622 clipeataque
840 547 907 603 totis

181 647 300 720 agmina
313 645 473 704 densentur
486 647 608 721 campis,
624 646 787 720 Argivaque
802 643 896 718 pubes

181 747 396 818 Auruncaeque
411 763 523 816 manus,
541 745 640 802 Rutuli
656 754 827 817 veteresque
843 742 940 801 Sicani

181 852 211 898 et
225 843 369 900 Sacranae
384 843 461 900 acies
476 852 506 899 et
520 842 591 917 picti
606 853 689 898 scuta
704 841 803 898 Labici
817 862 825 911 ;

181 939 231 1014 qui
247 939 343 1008 saltus,
359 939 505 1010 Tiberine,
521 949 586 996 tuos
602 956 775 1012 sacrumque
794 938 915 995 Numici

180 1037 247 1094 litus
263 1046 344 1094 arant
359 1037 542 1112 Rutulosque
558 1046 697 1093 exercent
710 1051 828 1092 vomere
844 1035 933 1092 colles

181 1117 397 1208 Circaeumque
413 1135 522 1209 iugum,
538 1134 602 1208 quis
619 1133 752 1208 Iuppiter
767 1135 901 1189 Anxurus
915 1133 989 1190 arvis

181 1231 329 1306 praesidet
344 1242 372 1289 et
387 1231 469 1290 viridi
485 1231 617 1306 gaudens
634 1231 758 1288 Feronia
773 1230 858 1301 luco,

180 1348 240 1404 qua
255 1330 372 1388 Saturae
388 1330 463 1387 iacet
477 1339 539 1387 atra
553 1331 635 1404 palus
649 1327 821 1404 gelidusque
836 1346 889 1403 per
902 1330 974 1386 imas

180 1428 293 1502 quaerit
308 1428 361 1484 iter
375 1427 454 1485 vallis
469 1439 556 1502 atque
572 1429 600 1484 in
616 1445 695 1484 mare
710 1425 846 1485 conditur
861 1426 962 1485 Ufens.

223 1526 289 1582 Hos
305 1543 392 1599 super
405 1524 523 1582 advenit
537 1525 645 1582 Volsca
659 1523 698 1582 de
713 1535 800 1599 geute
816 1524 938 1582 Camilla

160 1625 162 1630 ‘
180 1641 286 1696 agmen
303 1641 391 1697 agens
407 1623 537 1697 equitum
553 1632 582 1679 et
597 1621 725 1679 florentis
740 1640 807 1679 aere
822 1631 963 1691 catervas,

145 1731 149 1738 '
180 1720 321 1790 bellatrix,
337 1739 397 1777 non
413 1721 460 1777 illa
475 1721 541 1777 colo
560 1721 715 1777 calathisve
731 1721 882 1778 Minervae

181 1819 322 1875 femineas
338 1817 461 1874 adsueta
475 1837 586 1890 manus,
604 1817 657 1876 sed
669 1819 779 1893 proelia
794 1819 874 1893 virgo

180 1916 254 1972 dura
268 1916 329 1990 pati
343 1933 488 1990 cursuque
503 1915 616 1990 pedum
630 1925 813 1990 praevertere
829 1927 939 1974 ventos

181 2014 235 2070 llla
249 2014 293 2070 vel
309 2014 435 2070 intactae
451 2014 555 2088 segetis
571 2031 622 2088 per
636 2032 752 2071 summa
765 2015 875 2071 volaret

180 2112 311 2185 gramina
325 2129 382 2168 nec
396 2120 511 2168 teneras
527 2130 612 2168 cursu
628 2112 758 2169 laesisset
772 2112 881 2183 aristas,

180 2208 227 2265 vel
241 2226 319 2265 mare
335 2227 387 2283 per
402 2207 532 2266 medium
548 2209 637 2266 fluctu
653 2228 795 2284 suspensa
809 2213 933 2268 tumenti

180 2307 266 2363 serret
281 2307 334 2364 iter
349 2307 450 2364 celeris
466 2325 522 2364 nec
538 2308 681 2382 tingueret
696 2325 823 2382 aequore
839 2309 958 2383 plantas

182 2404 265 2460 Illam
281 2405 375 2461 omnis
391 2405 474 2462 tectis
489 2406 622 2479 agrisque
638 2405 728 2463 effusa
743 2406 877 2464 iuventus

180 2501 322 2575 turbaque
338 2502 457 2559 miratur
472 2513 595 2560 matrum
610 2514 639 2560 et
653 2512 822 2578 prospectat
836 2515 964 2574 euntem,

181 2599 308 2656 attonitis
324 2599 437 2657 inhians
451 2600 564 2671 animis,
581 2610 611 2657 ut
624 2601 720 2676 regius
735 2611 813 2658 ostro

178 2697 256 2754 velet
270 2697 365 2754 honos
379 2697 448 2754 levis
465 2717 589 2769 umeroS,
605 2709 636 2755 ut
651 2699 740 2756 fibula
754 2699 863 2756 crinem

179 2813 251 2851 auro
266 2794 448 2864 internectat,
466 2796 584 2870 Lyciam
600 2806 632 2852 ut
646 2808 727 2871 gerat
742 2797 806 2872 ipsa
820 2797 983 2872 pharetram

180 2901 210 2947 et
225 2892 398 2966 pastoralem
415 2893 544 2967 praefixa
558 2893 680 2968 cuspide
697 2905 831 2970 myrtum.
