2742 4284
135 335 183 385 ΙΧ.
197 335 266 399 290·]
335 325 441 389 Nisus
463 325 535 390 aud
554 325 725 408 Euryalus
748 350 805 391 ure
827 329 962 394 Armcd.

134 511 288 583 Ascanius,
305 512 398 569 meriti
413 513 485 570 tanti
499 531 560 570 non
575 513 729 571 immemor
744 517 904 589 umquam!

135 611 253 666 ‘Immo
269 626 325 684 ego
339 627 401 682 vos,
416 610 464 666 cui
478 611 540 668 sola
556 610 632 668 salus
647 611 778 686 genitore
794 611 938 682 reducto,'

134 706 246 781 excipit
260 705 411 778 Ascanius,
428 708 498 782 ‘per
514 725 645 782 magnos,
664 707 745 778 Nise,
761 709 875 782 penatis

134 804 328 878 Assaracique
342 803 432 861 larem
447 814 478 861 et
493 823 583 862 canae
599 805 761 880 penetralia
774 805 881 864 Vestae

133 903 285 974 obtestor;
307 919 511 977 quaecumque
526 902 598 960 mihi
612 903 728 960 fortuna
742 902 875 979 fidesque
890 915 942 974 est,

133 1003 164 1059 in
179 1000 282 1058 vestris
295 1017 376 1075 pono
390 1000 524 1074 gremiis:
548 1011 683 1059 revocate
700 1011 860 1076 parentem,

132 1097 249 1156 reddite
258 1081 478 1173 conspectum,
501 1098 571 1156 nihil
586 1098 634 1156 illo
649 1100 729 1157 triste
743 1111 873 1175 recepto.

133 1197 209 1254 Bina
224 1195 302 1254 dabo
317 1206 437 1272 argento
451 1197 583 1272 perfecta
596 1207 683 1272 atque
704 1215 807 1272 aspera
819 1199 908 1273 signis

132 1294 251 1369 pocula,
268 1293 384 1352 devicta
397 1294 513 1370 genitor
526 1313 602 1370 quae
621 1296 701 1370 cepit
716 1295 826 1367 Arisba,

132 1402 163 1450 et
177 1390 309 1467 tripodas
322 1393 466 1468 geminos,
481 1393 542 1450 auri
558 1391 618 1450 duo
634 1411 741 1468 magna
753 1393 871 1466 talenta,

132 1501 248 1549 cratera
261 1491 422 1565 antiquum,
438 1509 526 1566 quem
543 1490 592 1548 dat
608 1490 728 1549 Sidonia
742 1490 833 1548 Dido.

131 1591 163 1648 Si
176 1607 247 1646 vero
263 1607 369 1663 capere
385 1589 500 1647 Italiam
515 1589 696 1664 sceptrisque
711 1589 797 1663 potiri

132 1687 289 1762 contigerit
302 1687 404 1744 victori
419 1696 449 1744 et
463 1685 591 1761 praedae
607 1685 706 1742 dicere
720 1696 838 1757 sortem,

131 1785 231 1843 vidisti
247 1803 306 1859 quo
320 1786 435 1842 Turnus
450 1801 538 1858 equo,
554 1783 658 1859 quibus
673 1783 734 1840 ibat
749 1783 879 1842 inarmis

131 1901 257 1941 aureus:
280 1882 376 1956 ipsum
391 1882 480 1951 illum,
496 1881 624 1955 clipeum
639 1881 799 1956 cristasque
814 1882 943 1939 rubentis

131 1980 281 2055 excipiam
296 1980 374 2049 sorti,
391 1979 448 2036 iam
462 1996 542 2036 nunc
557 1988 607 2036 tua
621 1978 762 2053 praemia,
778 1979 859 2036 Nise.

132 2081 289 2136 Praeterea
302 2077 347 2134 bis
362 2095 413 2134 sex
427 2077 541 2151 genitor
556 2075 715 2133 lectissima
728 2086 851 2133 matrum

131 2193 259 2250 corpora
273 2175 464 2249 captivosque
480 2173 561 2232 dabit
577 2191 688 2247 suaque
703 2174 839 2232 omnibus
853 2193 942 2245 arma,

130 2274 253 2348 insuper
266 2271 310 2329 his
323 2272 423 2346 campi
438 2270 519 2347 quod
533 2290 584 2329 rex
599 2270 689 2329 habet
702 2272 765 2347 ipse
780 2271 908 2331 latinus

130 2373 176 2428 Te
192 2388 271 2441 ver0,
288 2389 354 2427 mea
369 2387 457 2444 quem
472 2370 571 2444 spatiis
586 2369 772 2444 propioribus
787 2385 866 2428 aetas

131 2468 303 2542 insequitur,
319 2466 485 2525 venerande
501 2485 583 2542 puer,
600 2467 658 2524 iam
674 2477 796 2542 pectore
811 2478 874 2525 toto

131 2566 250 2640 accipio
265 2575 294 2622 et
309 2566 449 2623 comitem
464 2584 548 2623 casus
565 2565 749 2640 complector
763 2566 792 2622 in
807 2568 911 2624 omnis.

132 2663 223 2722 Nulla
237 2663 309 2721 meis
323 2663 387 2720 sine
403 2672 432 2720 te
447 2674 603 2738 quaeretur
617 2663 708 2738 gloria
722 2663 808 2721 rebus
820 2685 827 2734 ;

131 2781 185 2820 seu
200 2779 306 2837 pacem
322 2780 374 2820 seu
390 2760 466 2820 bella
479 2779 588 2836 geram,
604 2761 655 2818 tibi
672 2761 800 2818 maxima
814 2780 909 2818 rerum

131 2859 348 2933 verborumque
362 2857 455 2916 fides!
499 2859 610 2918 Contra
626 2876 716 2932 quem
732 2858 800 2915 talia
813 2859 887 2915 fatur

133 2956 296 3032 Euryalus:
320 2958 390 3014 ‘Me
405 2957 484 3014 nulla
499 2956 562 3014 dies
577 2967 637 3014 tam
653 2957 773 3014 fortibus
788 2956 864 3013 ausis

132 3053 306 3113 dissimilem
321 3055 446 3132 arguerit
458 3075 466 3126 3
488 3065 610 3124 tantum,
626 3055 743 3112 fortuna
756 3053 887 3111 secunda

132 3162 183 3211 aut
197 3151 321 3210 adversa
334 3151 431 3211 cadat.
475 3152 533 3211 Sed
548 3163 577 3209 te
593 3169 680 3226 super
696 3152 796 3208 omnia
811 3150 890 3209 dona

131 3269 226 3309 unum
242 3269 303 3322 oro,
319 3251 451 3326 genetrix
467 3251 571 3308 Priami
587 3249 625 3307 de
640 3260 728 3325 gente
742 3258 856 3306 vetusta

132 3359 178 3406 est
193 3348 274 3421 mihi,
290 3367 377 3424 quam
395 3349 530 3406 miseram
545 3348 638 3405 tenuit
652 3366 713 3405 non
729 3347 784 3405 Ilia
798 3347 881 3404 tellus

134 3464 253 3504 mecum
269 3446 475 3517 excedentem,
491 3464 551 3504 non
567 3445 684 3504 moenia
699 3445 774 3519 regis
790 3447 923 3502 Acestae.

134 3545 225 3601 Hanc
241 3562 297 3619 ego
312 3561 391 3601 nunc
406 3545 535 3619 ignaram
551 3543 635 3602 huius
652 3542 863 3618 quodcumque
879 3542 979 3616 pericli
993 3552 1036 3600 est

135 3642 224 3716 inque
240 3641 392 3699 salutatam
407 3641 525 3717 linquo:
549 3660 608 3699 nox
626 3650 656 3700 et
669 3651 720 3699 tua
733 3641 815 3698 testis

136 3738 265 3810 dextera,
281 3736 362 3814 quod
376 3757 523 3814 nequeam
536 3739 679 3798 lacrumas
694 3739 820 3813 perferre
836 3739 964 3812 parentis

136 3845 165 3893 at
180 3845 221 3908 tu,
237 3853 298 3906 oro,
314 3835 407 3894 solare
422 3836 542 3911 inopem
557 3845 586 3893 et
601 3853 737 3893 succurre
751 3833 877 3892 relictae.
