2742 4284
194 327 232 388 14
262 309 311 370 As
322 309 485 370 Prz'estess
498 308 538 389 of
534 307 627 386 Juno
639 307 692 369 tlte
700 307 788 388 Fury
795 306 925 369 Accosts
942 306 1079 369 Turnus.
1118 315 1244 379 [anno.

190 495 278 567 exuit,
293 494 323 552 iu
338 494 431 552 vultus
446 512 510 552 sese
525 495 711 552 transformat
723 493 826 566 auilis;
847 545 852 556 .

189 603 219 651 et
233 593 357 651 frontem
373 593 533 651 obscenam
547 591 625 666 mgis
639 601 710 662 arat,
725 590 819 649 induit
833 592 916 650 albos

190 709 258 749 cum
272 690 343 748 vitta
356 691 452 761 crinis,
468 698 529 747 tum
544 708 655 747 ramum
672 689 794 747 innectit
808 690 920 762 olivae;

189 789 221 847 fit
236 789 346 865 Calybe
362 789 483 846 Iunonis
497 806 569 846 anus
583 788 743 863 templique
758 787 896 846 sacerdos

190 896 219 946 et
233 887 330 946 iuveni
344 897 411 946 ante
426 887 527 946 oculos
542 887 585 945 bis
600 905 631 944 se
646 905 715 943 curn
729 887 850 944 vocibus
864 886 966 944 offert:

191 988 318 1057 ‘Turne,
334 995 378 1044 tot
392 986 538 1044 incassum
554 986 631 1042 susos
647 986 756 1059 patiere
771 985 884 1042 labores

190 1094 219 1143 et
233 1095 283 1142 tua
297 1083 452 1143 Dardaniis
467 1083 617 1141 transcribi
631 1093 747 1157 sceptra
761 1082 894 1140 colonis?

191 1185 257 1242 Rex
270 1183 322 1241 tibi
337 1183 505 1257 coniugium
520 1191 549 1239 et
563 1181 708 1256 quaesitas
723 1182 863 1256 sanguine
879 1180 963 1238 dotes

190 1282 325 1356 abnegat,
340 1287 533 1355 externusque
548 1281 577 1337 in
592 1298 715 1353 regnum
729 1279 875 1354 quaeritur
889 1278 982 1336 heres.

192 1381 206 1437 Ι
221 1397 309 1450 nunc,
325 1379 441 1453 ingratis
456 1377 528 1436 offer
542 1388 580 1448 te,
596 1378 692 1447 inrise,
709 1377 843 1450 periclis,

191 1477 364 1553 Tyrrhenas,
380 1476 398 1547 i,
413 1486 508 1533 sterne
523 1475 621 1547 acies,·
643 1485 709 1548 tege
724 1493 798 1549 pace
815 1475 943 1532 Latinos.

181 1572 279 1632 'Haec
293 1573 369 1631 adeo
383 1573 435 1632 tibi
450 1591 507 1644 me,
522 1571 640 1647 placida
653 1590 723 1629 cum
737 1582 825 1630 nocte
841 1573 960 1643 iaceres,

191 1673 254 1747 ipsa
267 1673 363 1747 palam
378 1671 429 1729 fari
443 1672 629 1745 omnipotens
645 1671 777 1728 Saturnia
791 1670 879 1728 iussit.

192 1771 289 1844 Quare
304 1787 357 1844 age
373 1777 402 1825 et
417 1768 519 1826 armari
533 1768 644 1842 pubem
659 1769 807 1841 portisque
822 1768 932 1825 moveri

192 1867 283 1924 laetus
298 1865 423 1923 inerma
438 1882 516 1939 para,
532 1855 561 1922 et
576 1863 715 1938 Phrygios
730 1865 780 1939 qui
794 1865 913 1923 flumine
928 1866 1051 1940 pulchro

192 1963 354 2023 consedere
369 1962 461 2021 duces
476 1963 628 2037 pictasque
645 1981 732 2019 exure
748 1964 868 2020 carinas.

193 2063 361 2122 Caelestum
375 2061 417 2118 vis
431 2079 538 2135 magna
552 2060 640 2118 iubet.
683 2061 749 2116 Rex
764 2061 824 2135 ipse
841 2061 969 2132 Latinus,

158 2234 161 2239 ,
192 2161 223 2220 ni
237 2160 306 2218 dare
322 2159 491 2236 coniugium
505 2169 534 2216 et
549 2157 629 2215 dicto
643 2141 745 2233 parere
760 2159 872 2228 fatetur,

192 2258 296 2317 sentiat
311 2266 339 2314 et
354 2254 474 2314 tandem
488 2257 620 2313 Turnum
634 2255 799 2328 experiatur
811 2255 842 2311 in
857 2255 962 2312 armis!

234 2356 295 2412 Hic
310 2355 420 2412 iuvenis
435 2364 532 2411 vatem
547 2352 675 2410 inridens
690 2353 732 2410 sic
747 2370 813 2410 orsa
826 2353 951 2409 vicissim

193 2472 243 2513 ore
258 2453 361 2511 refert:
386 2452 513 2511 ‘Classis
528 2451 658 2508 invectas
671 2450 827 2524 Thybridis
844 2449 953 2507 undam

194 2570 263 2624 non,
276 2562 310 2609 ut
325 2569 398 2622 rere,
414 2569 495 2607 meas
510 2550 609 2623 effugit
623 2548 741 2606 nuntius
756 2549 840 2605 auris.

195 2652 241 2708 Ne
256 2660 352 2707 tantos
367 2648 438 2706 mihi
452 2648 529 2721 finge
545 2656 659 2717 metus,
681 2664 737 2702 nec
751 2646 830 2720 regia
845 2646 920 2702 Iuno

193 2749 338 2806 inmemor
352 2757 396 2804 est
409 2745 509 2804 nostri.

194 2845 252 2905 Sed
268 2855 296 2902 te
310 2845 386 2902 victa
401 2844 456 2901 situ
471 2842 588 2916 verique
603 2842 690 2898 effeta
703 2850 850 2912 senectus,

194 2963 213 3002 o
228 2953 329 3015 mater,
345 2943 420 3000 curis
436 2940 614 3015 nequiquam
629 2949 748 2996 exercet
762 2948 790 2996 et
804 2958 884 2998 arma

185 3059 296 3118 regum
311 3041 385 3098 inter
399 3040 468 3097 falsa
483 3048 577 3095 vatem
592 3036 747 3095 formidine
762 3038 843 3096 ludit.

196 3141 274 3200 Cura
287 3139 339 3197 tibi
353 3138 453 3196 divom
469 3136 578 3210 effigies
593 3145 622 3192 et
636 3136 746 3210 templa
760 3137 851 3193 tueri:

195 3240 271 3298 bella
284 3240 336 3297 viri
350 3255 513 3315 pacemque
528 3245 638 3311 gerent,
656 3237 721 3310 quis
735 3236 810 3294 bella
823 3233 970 3309 gerenda’

235 3338 354 3396 Talibus
370 3337 483 3395 Allecto
497 3335 583 3393 dictis
598 3335 704 3392 exarsit
718 3334 747 3390 in
762 3334 825 3404 iras,

196 3447 226 3495 at
239 3435 337 3494 iuveni
351 3435 444 3493 oranti
459 3433 570 3492 subitus
585 3443 693 3491 tremor
707 3440 833 3506 occupat
846 3441 934 3502 artus,

196 3534 347 3609 deriguere
364 3532 459 3590 oculi:
483 3541 525 3588 tot
541 3531 643 3605 Erinys
659 3529 754 3588 sibilat
768 3529 865 3604 hydris

196 3641 334 3706 tantaque
349 3649 380 3688 se
396 3630 484 3687 facies
499 3630 610 3703 aperit,
632 3638 694 3685 tum
709 3627 845 3684 flammea
859 3637 998 3701 torquens

196 3730 306 3788 lumina
320 3737 507 3787 cunctantem
522 3737 552 3784 et
566 3736 756 3801 quaerentem
771 3724 870 3783 dicere
885 3726 967 3800 plura

369 3887 374 3896 .
429 3855 461 3888 tao
472 3870 533 3900 arva
543 3855 601 3900 iube.
617 3855 645 3899 R.
829 3853 863 3886 Μ
872 3855 946 3899 alveo.
962 3853 1019 3898 Eds.
