2742 4284
156 319 288 379 x11.540.]
405 306 556 388 Exploits
579 307 690 388 of'tlze
718 307 795 369 Two
817 307 949 369 Heroas.

156 495 267 570 excipit
280 494 311 551 in
324 493 398 551 latus
413 502 450 564 et,
466 510 525 566 qua
538 492 597 550 sata
611 493 770 564 celerrima,
786 491 908 550 crudum

156 576 325 666 transadigit
341 599 439 647 costas
454 599 483 646 et
498 591 583 647 cratis
598 590 725 665 pectoris
741 607 850 646 ensem.

156 693 272 748 Turnus
287 706 364 763 equo
379 686 529 745 deiectum
545 690 691 762 Amycum
705 686 880 762 fratremque
897 688 1017 756 Dioren,

156 805 330 864 congressus
344 785 447 861 pedes,
462 784 542 842 huuc
556 785 725 842 venientem
738 784 862 860 cuspide
876 785 972 859 longa,

156 888 236 945 hunc
251 901 392 942 mucrone
406 882 470 940 ferit
484 900 628 956 curruque
643 883 757 940 abscisa
771 882 895 941 duorum

156 982 310 1060 suspendit
323 981 422 1058 capita
435 990 465 1038 et
478 980 606 1037 rorantia
619 980 761 1058 sanguine
774 990 879 1055 portat.

158 1083 210 1141 Ille
224 1082 318 1139 Talon
332 1079 515 1154 Tanaimque
530 1077 598 1136 neci
612 1078 775 1152 sortemque
790 1077 964 1152 Cethegum,

154 1181 204 1239 tris
220 1198 279 1237 uno
295 1195 462 1253 congressu,
479 1187 507 1234 et
524 1186 667 1234 maestum
683 1177 770 1234 mittit
785 1177 903 1246 Oniten,

156 1297 266 1337 nomen
282 1275 458 1335 Echionium
474 1274 630 1348 matrisque
644 1293 738 1349 genus
753 1266 894 1344 Peridiae,

156 1377 204 1435 hic
220 1376 318 1433 fratres
334 1373 425 1448 Lycia
438 1372 541 1430 missos
557 1381 587 1429 et
600 1372 742 1447 Apollinis
757 1373 831 1448 agris

156 1484 185 1532 et
200 1475 336 1532 iuvenem
351 1489 472 1528 exosum
487 1470 666 1544 nequiquam
680 1471 758 1527 bella
772 1472 942 1538 Menoeten,

155 1571 280 1643 Arcada,
295 1571 429 1645 piscosae
444 1568 492 1625 cui
506 1568 618 1626 circum
632 1567 754 1624 flumina
768 1568 879 1624 lemae

155 1690 200 1729 ars
215 1671 307 1727 suerat
321 1684 491 1743 pauperque
506 1665 613 1723 domus
627 1683 684 1723 nec
698 1675 770 1722 nota
782 1675 936 1740 potentum

155 1786 276 1826 munera
290 1764 497 1839 conductaque
512 1774 595 1838 pater
609 1763 710 1820 tellure
724 1763 847 1820 serebat.

155 1870 200 1924 Ac
214 1865 294 1923 velut
307 1863 427 1921 immissi
442 1861 561 1920 diversis
576 1861 705 1936 partibus
720 1862 801 1936 ignes

155 1973 287 2022 arentem
302 1963 332 2019 in
347 1961 446 2019 silvam
461 1969 491 2017 et
504 1959 625 2033 virgulta
638 1959 773 2016 sonantia
786 1960 876 2030 lauro,

155 2073 205 2120 aut
219 2061 269 2119 ubi
283 2059 409 2117 decursu
423 2057 527 2133 rapido
541 2056 580 2114 de
595 2057 745 2114 montibus
760 2057 823 2114 altis

156 2160 227 2217 dant
242 2158 368 2216 sonitum
384 2155 514 2230 spumosi
529 2173 630 2212 amnes
645 2164 675 2212 et
690 2155 721 2212 in
735 2173 863 2229 aequora
877 2165 994 2212 currunt

156 2257 278 2332 quisque
294 2272 379 2312 suum
395 2253 550 2327 populatus
564 2252 635 2309 iter:
660 2271 722 2310 non
737 2253 853 2327 segnius
867 2253 954 2309 ambo

156 2357 271 2412 Aeneas
285 2353 459 2425 Turnusque
474 2359 560 2406 ruunt
575 2368 628 2424 per
642 2351 772 2426 proelia;
793 2368 872 2407 nunc
886 2368 964 2407 nunc

156 2453 276 2509 fluctuat
290 2450 331 2506 ira
344 2449 432 2518 intus,
447 2457 621 2522 rumpuntur
635 2449 737 2506 nescia
749 2448 827 2504 vinci

156 2560 287 2626 pectora,
302 2565 381 2605 nunc
396 2546 463 2604 totis
479 2545 509 2603 in
523 2545 641 2602 volnera
655 2546 762 2602 viribus
777 2546 841 2602 itur.

158 2650 327 2706 Murranum
342 2644 399 2714 hic,
416 2653 515 2702 atavos
530 2653 560 2702 et
576 2662 698 2701 avorum
711 2644 832 2718 antiqua
845 2653 998 2701 sonantem

156 2745 276 2803 nomina
290 2762 343 2820 per
356 2763 497 2820 regesque
512 2756 611 2802 actum
625 2763 719 2819 genus
733 2762 822 2801 omne
838 2744 966 2814 Latinos,

157 2844 347 2920 praecipitem
364 2844 486 2919 scopulo
502 2853 589 2918 atque
605 2843 730 2918 ingentis
746 2841 859 2898 turbine
875 2841 935 2898 saxi

157 2943 266 2999 excutit
281 2937 461 3017 effunditque
477 2942 557 3000 solo:
582 2941 660 2998 hunc
674 2939 737 2996 lora
751 2948 780 2996 et
794 2939 860 3014 iuga
875 2939 974 2996 subter

157 3041 325 3115 provolvere
340 3051 430 3111 rotae,
446 3040 548 3098 crebro
564 3056 651 3113 super
666 3036 774 3112 ungula
787 3036 872 3111 pulsu

157 3143 246 3200 incita
260 3162 317 3201 nec
331 3142 443 3201 domini
458 3160 622 3199 memorum
636 3140 788 3215 proculcat
803 3157 954 3213 equorum.

158 3241 210 3298 Ille
225 3242 319 3299 ruenti
335 3240 424 3316 Hyllo
440 3240 602 3314 animisque
618 3239 745 3295 immane
760 3237 895 3294 frementi
934 3275 938 3284 -

157 3341 283 3398 occurrit
296 3339 446 3414 telumque
461 3346 560 3396 aurata
573 3336 612 3394 ad
626 3345 760 3410 tempora
775 3344 907 3408 torquet:

157 3437 206 3496 olli
220 3457 273 3514 per
286 3438 401 3514 galeam
417 3437 475 3494 fixo
490 3435 568 3493 stetit
582 3435 665 3492 hasta
679 3434 810 3492 cerebr0.

158 3537 286 3594 Dextera
300 3554 357 3593 nec
371 3544 420 3592 tua
434 3543 473 3604 te,
489 3533 609 3592 Graium
624 3531 778 3590 fortissime
793 3530 931 3602 Cretheu,

157 3635 262 3709 eripuit
275 3635 384 3691 Turno.
428 3632 494 3690 Nec
509 3631 540 3690 di
554 3641 652 3690 texere
670 3633 845 3706 Cupencum

157 3735 258 3790 Aenea
271 3731 406 3790 veniente
421 3729 483 3788 sui:
507 3729 589 3788 dedit
603 3729 690 3788 obvia
702 3729 777 3786 ferro

569 3858 601 3891 ⁵⁰⁷
617 3859 755 3903 celerruma.
772 3859 801 3903 R.
