2742 4284
156 278 275 344 x.460.]
338 235 342 244 ¹
472 269 603 334 Turnus
626 271 767 336 Attacks
789 273 917 338 Pallas.

155 476 223 532 pars
240 459 343 532 ingens
358 458 435 529 belli,
451 458 519 516 sinit
533 460 668 534 agmina:
693 460 802 536 primus
816 462 960 521 Abantem

155 555 328 632 oppositum
343 555 489 627 interimit,
505 574 621 632 pugnae
637 557 810 634 nodumque
824 577 1004 634 moramque·

155 654 299 712 Sternitur
313 651 457 711 Arcadiae
473 654 579 729 proles,
596 665 763 714 sternuntur
778 657 892 715 Etrusci

154 762 186 810 et
199 770 262 823 vos,
279 751 307 809 Ο
322 751 406 809 Grais
422 751 577 826 imperdita
591 769 725 828 corpora,
740 755 855 812 Teucri.

155 851 284 925 Agmina
298 859 476 908 concurrunt
491 849 675 926 ducibusque
691 861 721 908 et
735 852 841 911 viribus
856 853 966 928 aequis.

155 949 291 1006 Extremi
305 947 473 1006 addensent
488 948 567 1006 acies
582 967 640 1006 nec
653 950 739 1007 turba
754 951 863 1008 moveri

153 1047 215 1104 tela
230 1065 393 1120 manusque
408 1046 484 1104 sinit.
529 1047 611 1104 Hinc
627 1048 721 1105 Pallas
736 1048 822 1106 instat
836 1060 866 1106 et
880 1060 972 1124 urget,

153 1145 225 1202 hinc
241 1154 345 1202 contra
360 1146 480 1216 Lausus
496 1163 553 1203 nec
567 1145 692 1204 multum
708 1146 854 1222 discrepat
867 1157 965 1207 aetas:

154 1244 268 1318 egregii
282 1243 384 1314 forma,
400 1242 454 1300 sed
469 1243 532 1317 quis
548 1244 678 1302 Fortuna
691 1255 811 1320 negarat

154 1343 186 1398 in
200 1341 326 1416 patriam
340 1341 459 1400 reditus.
503 1343 588 1417 Ipsos
603 1360 778 1400 concurrere
792 1361 893 1419 passus

155 1439 236 1497 haud
251 1450 351 1496 tamen
367 1440 441 1497 inter
455 1457 487 1496 se
503 1440 600 1515 magni
614 1451 751 1515 regnator
766 1440 903 1517 Olympi:

155 1557 227 1596 mox
241 1538 305 1595 illos
321 1556 373 1594 sua
387 1537 446 1594 sata
460 1547 580 1595 manent
595 1539 706 1597 maiore
722 1539 777 1596 sub
791 1538 884 1598 hoste.
904 1587 907 1592 .

197 1638 316 1694 Interea
330 1653 412 1692 soror
426 1635 502 1692 alma
516 1647 619 1694 monet
633 1636 794 1695 succedere
810 1638 907 1696 Lauso

153 1737 298 1806 Turnum,
314 1734 364 1808 qui
378 1734 488 1791 volucri
503 1752 588 1792 curru
602 1734 734 1792 medium
749 1745 829 1792 secat
844 1753 958 1810 agmen.

154 1834 197 1892 Ut
212 1831 285 1889 vidit
300 1831 415 1889 socios:
446 1833 592 1907 ‘Tempus
607 1830 747 1890 desistere
762 1851 896 1907 pugnae3

154 1930 234 1988 solus
249 1948 306 2004 ego
321 1929 351 1986 in
366 1929 496 1986 Pallanta
510 1929 594 1999 seror,
610 1929 664 1986 soli
679 1929 751 1986 mihi
766 1930 858 1988 Pallas

154 2028 300 2099 debetur;
322 2045 462 2101 cuperem
478 2026 540 2101 ipse
555 2045 661 2102 parens
676 2037 825 2102 spectator
838 2028 973 2087 adesset!

156 2128 244 2183 Haec
260 2126 308 2194 ait,
324 2134 354 2181 et
368 2125 440 2181 socii
455 2135 605 2182 cesserunt
619 2142 746 2198 aequore
761 2125 849 2183 iusso.

154 2227 192 2282 At
209 2223 352 2281 Rutulum
367 2223 505 2280 abscessu
519 2222 631 2296 iuvenis
645 2231 709 2279 tum
724 2223 801 2281 iussa
814 2225 939 2298 superba

156 2323 275 2380 miratus
291 2329 389 2395 stupet
403 2319 433 2377 in
448 2320 548 2378 Turno
564 2338 732 2395 corpusque
747 2322 915 2396 peringens

153 2421 266 2477 lumina
280 2418 369 2475 volvit
383 2418 504 2492 obitque
519 2418 594 2475 truci
608 2419 712 2493 procul
727 2419 826 2475 omnia
839 2419 916 2476 visus

153 2518 260 2576 talibus
275 2525 305 2574 et
320 2515 405 2574 dictis
420 2516 441 2573 it
456 2525 559 2573 contra
574 2515 654 2573 dicta
668 2517 799 2592 tyranni:

154 2619 231 2673 ‘Aut
247 2614 347 2690 spoliis
361 2632 417 2689 ego
432 2613 491 2671 iarn
506 2615 594 2689 raptis
610 2614 751 2672 laudabor
765 2615 870 2689 opimis

153 2724 204 2772 aut
219 2714 279 2770 leto
294 2711 398 2786 insigni
410 2733 416 2768 :
428 2712 509 2776 ,sorti
525 2722 608 2786 pater
622 2730 733 2786 aequus
748 2712 862 2786 utrique
878 2723 929 2770 est.

152 2812 238 2868 Tolle
253 2810 367 2868 minas.’
412 2811 499 2866 Fatus
515 2810 647 2867 medium
662 2809 798 2885 procedit
812 2810 842 2867 in
856 2827 975 2883 aequor.

153 2907 288 2983 Frigidus
304 2906 466 2965 Arcadibus
482 2907 543 2964 coit
557 2907 586 2964 in
602 2907 777 2983 praecordia
791 2907 916 2982 sanguis.

153 3007 282 3064 Desiluit
295 3007 411 3063 Turnus
426 3005 540 3079 biiugis
556 3005 649 3080 pedes
664 3016 786 3080 apparat
805 3006 844 3062 ire

153 3103 340 3175 comminus3
363 3112 452 3176 utque
469 3103 525 3173 le0,
541 3103 661 3178 specula
676 3122 744 3161 cum
759 3102 832 3160 vidit
846 3104 883 3161 ab
898 3103 955 3160 alta

152 3212 228 3260 stare
244 3201 347 3276 procul
361 3201 471 3275 campis
488 3200 680 3258 meditantem
695 3201 725 3257 in
739 3201 850 3276 proelia
863 3210 986 3272 taurum,

153 3299 289 3358 advolat:
313 3297 392 3356 haud
407 3299 462 3356 alia
477 3309 521 3356 est
535 3299 625 3356 Turni
640 3299 783 3356 venientis
798 3299 906 3373 imago,

154 3399 247 3456 Hunc
262 3397 312 3454 ubi
327 3397 496 3472 contiguum
512 3397 616 3454 missae
633 3397 695 3453 fore
710 3395 836 3454 credidit
850 3397 958 3467 hastae,

153 3497 194 3553 ire
210 3495 289 3571 prior
304 3495 405 3566 Pallas,
420 3495 504 3569 siqua
517 3495 575 3553 fors
590 3494 709 3553 adiuvet
722 3514 825 3552 ausum

153 3594 260 3652 viribus
276 3593 443 3667 imparibus
460 3610 659 3668 magnumque
674 3592 715 3650 ita
729 3592 768 3650 ad
783 3593 901 3650 aethera
914 3595 1006 3650 satur:

154 3693 228 3749 ‘Per
241 3691 330 3766 patris
345 3690 503 3766 hospitium
518 3701 548 3748 et
562 3709 688 3762 mensas,
705 3709 778 3765 quas
792 3690 906 3748 advena
922 3690 1017 3762 adisti,

581 3819 615 3852 ⁴⁸⁵
625 3821 729 3880 formae.
751 3820 784 3866 H.
