2742 4284
162 319 182 366 1.
201 265 275 386 ψ]
498 309 630 372 Roman
656 307 751 374 civil
778 311 880 374 Wars.

161 511 214 568 per
229 504 348 551 noctem
364 512 500 552 resonare
515 495 590 569 lupis
605 495 781 554 ululantibus
796 495 891 554 urbes.

162 591 233 648 Non
247 590 316 648 alias
332 592 416 649 caelo
432 591 603 650 ceciderunt
618 593 700 668 plura
715 611 818 652 sereno

161 689 281 763 fulgura,
297 707 355 746 nec
369 689 423 747 diri
438 690 544 748 totiens
559 709 653 748 arsere
669 702 813 751 cometae.

162 790 241 862 Ergo
256 787 330 844 inter
344 804 409 844 sese
424 786 541 862 paribus
556 806 730 847 concurrere
745 790 808 848 telis

160 888 311 944 Romanas
325 885 404 942 acies
419 885 523 942 iterum
538 885 637 943 videre
655 887 799 964 Philippi,

160 1003 216 1041 nec
230 984 284 1041 fuit
299 981 452 1058 iudignum
467 983 588 1058 superiS,
605 983 649 1042 bis
665 986 805 1060 sanguine
820 999 920 1045 nostro

161 1082 330 1140 Emathiam
346 1092 375 1140 et
389 1082 461 1140 latos
478 1081 589 1139 Haemi
604 1082 798 1158 pinguescere
812 1102 942 1160 campos.

160 1180 278 1239 Scilicet
292 1190 322 1237 et
336 1190 452 1255 tempus
469 1180 574 1250 veniet,
591 1198 660 1238 curn
675 1181 782 1240 finibus
795 1182 849 1240 illis

160 1277 288 1352 agricola
301 1278 422 1334 incurvo
436 1286 543 1335 terram
559 1278 675 1336 molitus
690 1289 785 1336 aratro

160 1394 248 1433 exesa
262 1375 391 1432 inveniet
405 1375 508 1432 scabra
522 1375 653 1449 robigine
670 1376 738 1451 pila,

159 1483 209 1530 aut
223 1473 358 1548 gravibus
372 1473 468 1530 rastris
482 1473 578 1546 galeas
596 1473 724 1548 pulsabit
737 1474 839 1544 inaniS,

159 1571 339 1647 grandiaque
355 1570 466 1628 effossis
482 1570 630 1628 mirabitur
645 1589 713 1628 ossa
728 1573 898 1647 sepulchris.

160 1670 199 1728 Di
214 1669 298 1745 patrii
312 1668 456 1744 indigetes
471 1677 500 1724 et
515 1668 641 1726 Romule
657 1669 806 1745 Vestaque
820 1682 920 1741 mater,

159 1785 236 1842 quae
250 1767 380 1824 Tuscum
394 1765 524 1824 Tiberim
538 1775 568 1823 et
584 1767 720 1824 Romana
735 1768 843 1826 Palatia
858 1787 963 1841 servas,

126 1867 129 1872 “
159 1866 238 1923 hunc
253 1865 354 1922 saltem
370 1881 471 1922 everso
486 1863 622 1921 iuvenem
640 1882 808 1922 succurrere
822 1867 920 1924 saeclo

159 1982 197 2021 ne
212 1962 385 2038 prohibete!
427 1961 500 2020 Satis
514 1961 573 2018 iam
588 1961 703 2036 pridem
719 1964 859 2037 sanguine
874 1974 974 2024 nostro

160 2060 399 2119 Laomedonteae
415 2059 520 2117 luimus
536 2059 662 2133 periuria
678 2060 804 2132 Troiae,

158 2157 346 2234 iampridem
364 2158 448 2215 nobis
466 2157 537 2214 caeli
554 2168 582 2215 te
598 2158 686 2232 regia,
705 2158 821 2230 Caesar,

158 2256 277 2328 invidet,
293 2266 380 2331 atque
396 2256 548 2314 hominum
564 2256 694 2330 queritur
709 2275 810 2315 curare
824 2258 1005 2333 triumphos;

158 2356 268 2430 quippe
284 2355 334 2413 ubi
348 2354 390 2412 fas
405 2372 520 2411 versum
534 2363 622 2429 atque
640 2354 740 2412 nefas:
763 2364 807 2412 tot
820 2356 896 2414 bella
910 2375 962 2432 per
976 2357 1086 2428 orbem,

157 2463 217 2511 tam
234 2453 342 2510 multae
357 2453 498 2510 scelerum
515 2452 603 2510 facies
615 2473 624 2524 3
646 2471 707 2510 non
722 2453 795 2510 ullus
810 2463 903 2511 aratro

158 2550 263 2627 dignus
278 2549 382 2621 honos,
397 2551 531 2625 squalent
546 2549 681 2608 abductis
699 2569 767 2608 arva
781 2552 903 2623 colonis,

158 2660 188 2706 et
202 2667 306 2707 curvae
321 2647 445 2723 rigidum
462 2648 550 2706 falces
567 2647 731 2706 conflantur
749 2648 779 2705 in
794 2666 903 2708 ensem.

158 2749 240 2806 Hinc
255 2756 354 2804 movet
369 2746 541 2821 Euphrates,
557 2746 636 2803 illinc
655 2747 815 2805 Germania
827 2746 957 2820 bellum;

157 2846 271 2903 vicinae
285 2844 376 2920 ruptis
391 2845 465 2901 inter
479 2863 509 2902 se
526 2845 637 2919 legibus
652 2845 739 2903 urbes

157 2962 239 3002 arma
252 2944 347 3001 ferunt
359 2962 365 3012 ;
387 2943 480 3000 saevit
494 2951 557 2999 toto
573 2943 652 2999 Mars
667 2943 775 3017 impius
789 2944 879 3002 orbe:

157 3051 189 3099 nt
203 3060 272 3099 cum
287 3040 451 3099 carceribus
466 3058 530 3098 sese
545 3039 674 3098 effudere
690 3040 858 3115 quadrigae,

157 3139 271 3198 addunt
285 3139 314 3196 in
330 3139 431 3213 spatia,
448 3148 477 3196 et
491 3139 592 3196 frustra
607 3139 768 3196 retinacula
782 3138 908 3196 tendens

156 3237 246 3296 fertur
261 3236 343 3312 equis
358 3235 464 3311 auriga,
480 3253 576 3310 neque
592 3235 674 3293 audit
689 3254 788 3294 currus
803 3236 942 3295 habenas.
