2742 4284
169 301 228 364 142
466 283 573 346 Venus
594 283 719 365 Effects
740 283 795 345 his
815 281 906 346 Cure.
1095 294 1218 356 [suumn.

163 469 296 527 sollicitat
310 477 486 543 prensatque
502 467 597 525 tenaci
612 468 723 542 forcipe
739 469 855 526 ferrum.

163 566 251 624 Nulla
263 566 340 624 viam
355 567 484 625 Fortuna
497 566 578 641 regit,
594 565 665 623 nihil
679 575 781 624 auctor
795 565 901 641 Apollo

162 664 314 737 subvenit;
336 673 366 722 et
380 681 482 722 saevus
497 664 608 738 campis
624 664 716 739 magis
730 682 766 720 ac
781 664 873 739 magis
887 664 988 723 horror

162 761 319 821 crebrescit
334 761 511 836 propiusque
527 762 635 819 malurn
651 771 704 819 est.
748 763 812 822 Iam
825 763 944 837 pulvere
960 762 1074 820 caelum

162 869 237 918 stare
251 859 369 917 vident:
393 861 518 918 subeunt
533 859 655 934 equites,
671 869 701 917 et
715 860 826 935 spicula
839 861 939 918 castris

161 957 254 1016 densa
268 957 378 1014 cadunt
391 956 505 1015 mediis.
549 959 576 1015 It
590 957 676 1015 tristis
691 957 729 1015 ad
743 957 861 1015 aethera
875 958 985 1016 clamor

162 1055 318 1114 bellantum
335 1055 472 1112 iuvenum
487 1064 516 1113 et
531 1054 605 1113 duro
619 1055 674 1113 sub
689 1057 785 1113 Marte
800 1055 968 1114 cadentum.

164 1154 224 1211 Hic
237 1154 347 1224 Venus
362 1152 483 1228 indigno
499 1153 558 1211 nati
574 1171 719 1211 concussa
732 1152 844 1224 dolore,

162 1250 343 1309 dictamnum
358 1251 488 1325 genetrix
504 1250 629 1309 Cretaea
642 1251 735 1326 carpit
749 1250 786 1308 ab
801 1251 865 1322 Ida,

161 1349 319 1425 puberibus
333 1348 446 1405 caulem
461 1348 535 1406 foliis
550 1357 580 1405 et
593 1348 663 1406 flore
678 1359 847 1407 comantem

161 1464 307 1522 purpureo
319 1467 326 1517 ;
350 1464 409 1502 non
424 1446 472 1503 illa
485 1446 551 1503 feris
566 1446 716 1520 incognita
730 1447 825 1521 capris

161 1545 300 1620 gramina,
317 1563 385 1600 cuin
400 1554 482 1618 tergo
497 1544 630 1601 volucres
645 1543 764 1601 haesere
779 1545 918 1620 sagittae:

162 1643 219 1701 hoc
233 1643 343 1713 Venus,
359 1640 485 1700 obscuro
500 1641 605 1698 faciem
621 1640 803 1699 circumdata
816 1642 927 1713 nimb0,

123 1755 135 1770 ·
162 1739 283 1811 detulit3
305 1739 362 1798 hoc
377 1740 473 1798 susum
487 1739 574 1798 labris
588 1739 811 1814 splendentibus
824 1757 942 1796 amnem

161 1839 252 1896 inficit
266 1838 381 1895 occulte
396 1837 549 1895 medicans
563 1837 731 1913 spargitque
746 1838 866 1896 salubris

161 1935 323 1994 ambrosiae
337 1953 424 1993 sucos
439 1946 468 1993 et
483 1935 658 1994 odoriferam
673 1953 846 2010 panaceam.

163 2034 247 2091 Fovit
260 2051 297 2090 ea
309 2033 412 2091 volnus
426 2033 547 2108 lympha
561 2034 719 2107 longaevus
735 2035 827 2108 Iapyx

161 2133 306 2206 ignorans
321 2131 477 2206 subitoque
492 2132 587 2188 omnis
602 2130 639 2188 de
656 2149 779 2205 corpore
794 2132 866 2205 fugit

161 2230 271 2304 quippe
286 2228 380 2300 dolor,
394 2229 489 2286 omnis
504 2229 583 2286 stetit
597 2229 658 2286 imo
671 2229 790 2286 volnere
805 2229 940 2304 sanguis;

160 2328 279 2403 iamque
294 2337 395 2384 secuta
408 2345 527 2384 manum
543 2327 622 2384 nullo
637 2337 763 2401 cogente
777 2327 882 2402 sagitta

161 2424 278 2496 excidit,
294 2435 381 2500 atque
396 2443 490 2483 novae
506 2424 617 2482 rediere
633 2425 663 2481 in
677 2425 797 2500 pristina
811 2425 893 2481 vires.

162 2526 268 2580 ‘Arma
282 2522 331 2580 citi
346 2532 499 2598 properate
515 2522 595 2580 viro!
639 2521 720 2596 Quid
735 2522 852 2579 statis?’
895 2523 987 2596 Iapyx

162 2621 328 2678 conclamat
342 2620 509 2695 primusque
524 2620 639 2677 animos
653 2618 793 2677 adcendit
806 2619 837 2676 in
852 2619 976 2678 hostem.

163 2720 250 2776 ‘Non
264 2717 339 2775 haec
354 2717 488 2775 humanis
503 2718 618 2792 opibuS,
634 2736 695 2774 non
709 2727 770 2775 arte
785 2717 921 2792 magistra

161 2817 335 2892 proveniunt
349 2834 445 2891 neque
460 2825 499 2888 te,
515 2819 625 2885 Aenea,
642 2833 708 2873 mea
722 2815 842 2873 dextera
855 2824 967 2873 servat:

162 2915 254 2972 maior
267 2915 326 2989 agit
338 2914 413 2971 deus
428 2923 515 2988 atque
531 2932 620 2989 opera
635 2913 672 2970 ad
691 2913 800 2971 maiora
813 2913 952 2971 remittit!

162 3013 214 3071 Ille
229 3012 330 3070 avidus
345 3031 460 3087 pugnae
476 3031 556 3070 suras
572 3013 727 3069 incluserat
740 3030 811 3069 auro

161 3111 230 3167 hinc
246 3121 333 3185 atque
349 3111 417 3168 hinc
432 3109 554 3184 oditque
570 3129 670 3176 moras
682 3110 854 3183 hastamque
868 3118 1011 3167 coruscat.

162 3211 321 3283 Postquam
336 3209 437 3267 habilis
452 3209 533 3266 lateri
549 3209 659 3283 clipeus
673 3207 821 3282 loricaque
837 3219 918 3282 tergo
932 3216 985 3277 est,

161 3306 320 3364 Ascanium
334 3306 403 3364 susis
418 3307 527 3364 circum
545 3306 751 3381 complectitur
765 3306 851 3363 armis

161 3423 333 3480 summaque
348 3423 400 3480 per
414 3405 526 3480 galeam
541 3404 672 3463 delibans
687 3403 788 3462 oscula
800 3404 892 3461 fatur:

162 3502 279 3572 ‘Disce
294 3520 376 3577 puer,
391 3502 525 3559 virtutem
540 3520 576 3559 ex
592 3520 639 3559 me
653 3519 813 3576 verumque
828 3501 968 3570 laborem,
1056 3539 1060 3546 -

161 3599 305 3657 fortunam
320 3617 357 3656 ex
371 3599 441 3658 aliis.
484 3601 573 3657 Nunc
587 3609 616 3657 te
632 3617 699 3658 mea
713 3598 834 3657 dextera
846 3598 924 3656 bello

162 3696 315 3755 defensum
331 3696 413 3755 dabit
427 3707 455 3755 et
470 3715 576 3772 magna
590 3699 664 3756 inter
678 3698 811 3773 praemia
825 3697 923 3755 ducet.
948 3710 950 3714 '

161 3794 208 3852 Tu
222 3794 319 3866 facito,
335 3813 404 3852 mox
418 3813 487 3852 cum
500 3805 614 3854 matura
627 3794 787 3854 adoleverit
801 3804 889 3866 aetas,
