2742 4284
165 305 207 367 86
461 305 581 369 Pallas
603 306 732 368 Rallies
754 308 808 368 his
831 306 919 370 Men.
1096 316 1217 380 [AExnu.

164 501 193 548 at
208 510 288 550 nunc
302 491 375 550 dura
389 491 472 550 dedit
486 492 570 550 vobis
585 491 753 550 discrimina
767 494 877 551 Pallas:

164 606 233 646 nam
247 590 308 662 tibi,
323 590 480 666 Thymbre,
496 601 584 666 caput
600 590 763 648 Evandrius
777 592 894 649 abstulit
908 593 1005 663 ensis;

164 696 193 744 te
208 686 310 746 decisa
324 705 416 759 suum,
433 687 546 759 Laride,
563 688 682 746 dextera
697 690 809 763 quaerit

164 785 408 860 semianimesque
423 786 531 843 micant
546 785 628 861 digiti
642 787 806 862 ferrumque
820 797 985 846 retractant.

164 884 295 946 Arcadas
310 903 452 943 accensos
466 885 578 943 monitu
593 895 622 942 et
636 885 786 960 praeclara
799 888 906 944 tuentis

163 985 241 1041 facta
254 983 305 1040 viri
320 983 426 1041 mixtus
441 982 525 1041 dolor
540 993 569 1040 et
583 983 679 1058 pudor
693 993 786 1041 armat
800 985 830 1041 in
844 984 944 1043 hostis

162 1083 239 1139 Tum
255 1082 347 1139 Pallas
362 1082 466 1158 biiugis
480 1081 639 1157 fugientem
654 1082 791 1140 Rhoetea
804 1093 918 1158 praeter

163 1180 265 1238 traicit.
301 1181 380 1238 -Hoc
396 1181 523 1256 spatium
538 1191 710 1255 tantumque
725 1199 825 1239 morae
839 1182 892 1238 fuit
906 1181 970 1238 Ilo·

164 1278 208 1335 llo
223 1296 350 1352 namque
366 1279 468 1354 procul
482 1278 606 1336 validam
622 1279 764 1337 direxerat
778 1279 898 1350 hastam,

119 1366 121 1370 ¹
164 1394 252 1450 quam
267 1375 382 1434 medius
398 1377 550 1435 Rhoeteus
565 1379 719 1453 intercipit,
734 1378 845 1452 optime
859 1377 997 1448 Teuthra,

163 1483 192 1531 te
207 1475 319 1550 fugiens
334 1475 509 1549 fratremque
524 1476 629 1551 Tyren,
646 1493 789 1549 curruque
804 1475 917 1532 volutus

164 1571 262 1630 caedit
276 1573 454 1630 semianimis
470 1574 644 1630 Rutulorum
660 1572 789 1630 calcibus
802 1590 878 1629 arva.

165 1673 208 1726 Ac
223 1670 300 1728 velut
315 1681 417 1745 optato
432 1672 525 1728 ventis
541 1680 648 1728 aestate
664 1672 771 1728 coortis

165 1767 295 1843 dispersa
310 1767 439 1825 immittit
454 1768 528 1825 silvis
544 1767 680 1825 incendia
694 1779 802 1843 pastor,

165 1866 303 1941 correptis
318 1866 414 1923 subito
431 1865 533 1923 mediis
548 1866 713 1923 extenditur
727 1885 786 1924 una

165 1963 282 2022 horrida
296 1981 348 2039 per
362 1964 435 2021 latos
450 1964 528 2020 acies
541 1964 684 2022 Volcania
699 1984 839 2040 campos,

165 2063 211 2120 ille
226 2061 333 2119 sedens
347 2062 440 2118 victor
454 2061 585 2119 flammas
602 2061 756 2136 despectat
769 2063 899 2121 ovantis:

164 2179 225 2219 non
240 2160 321 2216 aliter
335 2160 448 2217 socium
463 2160 549 2217 virtus
565 2161 623 2217 coit
638 2161 733 2217 omnis
748 2161 778 2217 in
793 2179 882 2218 unum

165 2268 252 2332 teque
268 2258 353 2328 iuvat,
371 2256 455 2314 Palla.
499 2256 557 2315 Sed
571 2257 653 2314 bellis
668 2276 736 2314 acer
751 2258 894 2315 Halaesus

165 2354 259 2413 tendit
273 2355 302 2412 in
317 2354 454 2412 adversos
470 2371 560 2428 seque
575 2355 604 2411 in
621 2373 672 2411 sua
686 2355 805 2429 conligit
818 2373 907 2412 arma.

166 2454 227 2512 Hic
241 2462 350 2510 mactat
364 2451 487 2510 Ladona
502 2451 683 2526 Pheretaque
699 2451 976 2526 Demodocumque,

166 2552 330 2628 Strymonio
346 2551 478 2608 dextram
494 2551 614 2625 fulgenti
629 2549 735 2626 deripit
750 2568 819 2608 ense

165 2650 270 2708 elatam
286 2651 315 2707 in
329 2650 469 2724 iugulum,
487 2667 557 2706 saxo
572 2648 635 2706 ferit
650 2666 701 2705 ora
714 2648 855 2705 Thoantis

165 2767 289 2822 ossaque
305 2747 441 2822 dispersit
457 2747 577 2804 cerebro
592 2747 735 2821 permixta
749 2755 881 2805 cruento.

166 2848 238 2906 Fata
252 2865 361 2904 canens
376 2846 453 2903 silvis
467 2844 581 2920 genitor
595 2844 702 2901 celarat
717 2844 897 2903 Halaesum:

165 2955 198 3002 ut
211 2945 309 3003 senior
323 2944 382 3001 leto
400 2942 535 3001 canentia
549 2942 659 3000 lumina
672 2942 765 3013 solvit,

166 3044 291 3101 iniecere
307 3061 426 3101 manum
444 3044 553 3100 Parcae
570 3040 694 3114 telisque
708 3049 856 3098 sacrarunt

167 3140 303 3198 Evandri.
348 3142 446 3216 Quem
462 3141 504 3200 sic
521 3139 613 3197 Pallas
628 3139 702 3213 petit
716 3149 783 3196 ante
798 3149 952 3214 precatusz

167 3241 230 3297 ‘Da
243 3259 331 3310 nunc,
347 3239 457 3316 Thybri
471 3249 562 3314 pater,
580 3238 664 3308 ferm,
681 3236 763 3311 quod
777 3238 884 3294 missile
899 3238 981 3309 libro,

165 3339 310 3395 fortunam
325 3348 412 3412 atque
427 3337 503 3394 viam
518 3336 583 3395 duri
597 3355 649 3411 per
663 3347 768 3410 pectus
784 3337 912 3393 Halaesi.

167 3438 255 3495 Haec
270 3454 350 3492 arma
364 3435 539 3510 exuviasque
554 3434 606 3491 viri
621 3444 669 3492 tua
685 3452 810 3508 quercus
825 3433 961 3491 habebit.’

166 3533 265 3592 Audiit
280 3534 326 3591 illa
341 3533 432 3591 deus:
456 3533 527 3590 dum
542 3533 613 3590 texit
629 3535 753 3590 Imaona
768 3533 923 3604 Halaesus,

167 3631 294 3690 Arcadio
309 3631 408 3688 infelix
421 3631 480 3687 telo
495 3629 545 3687 dat
560 3639 663 3705 pectus
679 3631 831 3688 inermum.

167 3733 205 3788 At
219 3748 279 3788 non
294 3728 386 3787 caede
401 3727 453 3786 viri
467 3737 547 3786 tanta
560 3729 712 3804 perterrita
726 3729 848 3800 Lausus,

601 3855 634 3890 ⁴1⁷
650 3869 741 3902 cavens.
753 3855 782 3902 R
