2742 4284
202 330 244 392 34
555 311 594 372 K
593 310 695 394 illing
714 313 755 394 os
775 309 884 374 Cacus.
1133 319 1258 384 [AEuam.

203 499 405 573 inclusumque
421 517 494 556 cavo
508 517 579 556 saxo
594 509 680 572 atque
696 498 811 555 insueta
824 497 978 555 rudentem

201 596 328 671 desuper
343 595 461 653 Alcides
476 595 539 653 telis
554 594 661 671 premit
676 595 833 668 omniaque
848 613 928 652 arma

200 693 326 752 advocat
340 704 370 752 et
386 693 470 750 ramis
485 693 631 768 vastisque
646 692 802 750 molaribus
817 692 913 749 instat.

203 792 253 850 Ille
268 801 375 862 autem,
391 808 488 866 neque
504 791 583 848 enim
597 790 665 865 fuga
679 791 736 846 iam
752 808 839 864 snper
853 790 910 847 ulla
924 791 1033 864 pericli,

201 889 331 948 faucibus
346 889 497 966 ingentem
513 888 624 945 fumum
644 888 788 964 (mirabile
804 887 900 962 dictu)

202 988 309 1045 evomit
323 986 499 1061 involvitque
516 984 637 1042 domum
654 987 777 1061 caligine
791 1005 891 1057 caeca,

201 1095 387 1161 prospectum
403 1085 528 1159 eripiens
545 1083 645 1154 oculis,
661 1084 859 1159 glomeratque
874 1086 929 1143 sub
943 1095 1026 1142 antro

201 1184 363 1242 fumiferam
378 1193 497 1241 noctem
513 1181 678 1239 commixtis
694 1182 760 1256 igne
775 1181 911 1240 tenebris.

203 1281 271 1338 Non
287 1282 349 1339 tulit
364 1279 481 1337 Alcides
496 1281 600 1337 animis
617 1297 708 1354 seque
723 1280 785 1354 ipse
800 1281 965 1354 perignem

202 1379 352 1453 praecipiti
367 1379 436 1435 iecit
450 1378 532 1448 saltu,
548 1395 607 1452 qua
623 1377 763 1452 plurimus
777 1376 885 1434 undam

202 1475 297 1533 fumus
310 1476 367 1550 agit
383 1476 548 1551 nebulaque
567 1477 669 1550 ingens
686 1494 792 1551 specus
807 1487 918 1534 aestuat
932 1487 1001 1534 atra.

203 1574 263 1631 Hic
278 1574 390 1632 Cacum
405 1574 434 1630 in
449 1573 575 1631 tenebris
593 1573 732 1631 incendia
746 1593 822 1631 vana
835 1585 1004 1632 vomentem

202 1673 318 1746 corripit
333 1673 361 1728 in
376 1671 489 1729 nodum
504 1673 674 1745 complexus
691 1682 721 1729 et
735 1673 814 1747 angit
830 1672 983 1730 inhaerens

202 1769 286 1826 elisos
301 1770 403 1826 oculos
419 1780 447 1826 et
462 1771 574 1827 siccum
591 1771 732 1845 sanguine
748 1783 852 1846 guttur.

203 1865 341 1923 Panditur
356 1868 504 1942 externplo
519 1868 626 1926 foribus
643 1868 750 1926 domus
767 1881 827 1927 atra
841 1871 967 1942 revolsis,

202 1963 420 2039 abstractaeque
437 1966 525 2022 boves
542 1967 748 2043 abiurataeque
764 1969 882 2042 rapinae

202 2061 283 2118 caelo
298 2062 498 2133 ostenduntur,
515 2063 700 2139 pedibusque
718 2067 840 2123 informe
856 2067 982 2125 cadaver

201 2159 381 2233 protrahitur.
426 2162 584 2236 Nequeunt
600 2163 709 2237 expleri
725 2164 815 2221 corda
830 2164 941 2223 tuendo

200 2258 330 2314 terribilis
345 2260 456 2329 oculos,
468 2261 577 2316 voltum
594 2261 752 2336 villosaque
767 2264 853 2320 saetis

200 2364 319 2429 pectora
333 2358 457 2413 semiferi
473 2368 560 2432 atque
577 2359 722 2416 extinctos
738 2361 868 2419 faucibus
884 2363 966 2436 ignis.

200 2452 245 2509 Ex
260 2452 307 2510 illo
322 2455 483 2512 celebratus
500 2456 602 2526 honos,
623 2457 749 2532 laetique
765 2460 892 2518 minores

199 2568 347 2608 servavere
362 2551 451 2623 diem,
468 2555 635 2629 primusque
653 2557 775 2614 Potitius
789 2568 891 2615 auctor

199 2657 228 2705 et
242 2647 347 2706 domus
366 2650 503 2707 Herculei
520 2662 618 2710 custos
637 2653 750 2711 Pinaria
758 2651 844 2712 sacri.

199 2747 287 2802 Hanc
303 2765 381 2804 arant
396 2747 463 2804 luco
478 2750 585 2819 statuit,
606 2769 680 2824 quae
698 2771 834 2810 maxuma
848 2772 964 2830 semper

198 2842 311 2900 dicetur
325 2846 409 2902 nobis
426 2847 523 2904 eterit
539 2866 614 2923 quae
634 2869 771 2908 maxuma
785 2870 909 2927 semper.

198 2942 295 3016 Quare
311 2944 395 3018 agite,
411 2962 430 3000 o
446 2945 573 3016 iuveneS,
593 2956 738 3006 tantarum
753 2950 782 3006 in
799 2969 918 3008 munere
933 2949 1050 3008 laudum

197 3040 302 3114 cingite
318 3041 420 3098 fronde
437 3061 536 3102 comas
555 3055 583 3101 et
600 3047 708 3120 pocula
721 3049 834 3122 porgite
849 3047 957 3105 dextris

197 3155 442 3214 communemque
457 3153 561 3199 vocate
580 3143 668 3201 deum
684 3155 713 3201 et
725 3144 791 3202 date
807 3147 874 3202 vina
887 3147 1037 3204 volentes)

197 3235 325 3306 Dixerat,
345 3239 492 3296 Herculea
512 3241 624 3297 bicolor
639 3233 706 3298 curn
720 3244 847 3317 populus
863 3243 964 3301 umbra

195 3333 355 3408 velavitque
372 3354 472 3394 comas
490 3339 623 3412 foliisque
639 3339 746 3397 innexa
759 3341 902 3415 pependit

194 3440 224 3488 et
238 3450 319 3489 sacer
335 3433 464 3508 implevit
483 3435 615 3493 dextram
631 3437 766 3512 scyphus.
810 3439 901 3497 Ocius
916 3458 1019 3496 ornnes

193 3528 223 3586 in
239 3547 370 3588 mensam
386 3533 452 3588 laeti
468 3533 560 3590 libant
576 3531 718 3609 divosque
733 3546 896 3609 precantur.

236 3627 357 3686 Devexo
373 3630 483 3686 interea
494 3631 617 3705 propior
631 3631 663 3688 fit
678 3633 791 3708 Vesper
806 3634 943 3708 Olymp0‚

194 3723 311 3800 iamque
328 3725 493 3784 sacerdotes
509 3729 677 3803 primusque
694 3731 814 3788 Potitius
830 3731 918 3802 ibant,

628 3856 660 3888 2⁵⁷
678 3859 765 3903 iniecit.
781 3861 814 3904 H.
