2742 4284
169 259 226 318 118
249 271 251 274 ·
451 253 587 318 Turnus
604 254 685 316 Lies
709 254 744 316 in
761 220 925 317 ¹Ambuslz.
959 244 966 270 s

163 463 367 521 armorumque
382 445 466 517 dolis,
481 464 569 521 quarn
584 445 682 502 densis
696 444 847 503 frondibus
861 455 954 504 atrum

163 552 246 618 urget
261 543 404 619 utrimque
419 543 501 614 latus,
517 543 612 600 tenuis
627 560 686 618 quo
702 542 805 600 semita
819 541 900 600 ducit

163 651 360 718 angustaeque
375 642 470 699 serunt
484 642 583 699 fauces
599 640 752 716 aditusque
767 641 897 716 maligni.

165 741 253 797 Hanc
269 758 356 815 super
370 740 399 796 in
414 739 539 815 speculis
554 757 728 814 summoque
744 739 774 796 in
788 737 897 796 vertice
911 738 1019 795 montis

162 838 296 913 planities
311 837 411 913 ignota
425 837 500 894 iacet
514 837 627 912 tutique
642 847 786 912 receptus,

163 954 214 994 seu
229 935 331 993 dextra
344 920 567 1009 laevaque'velis
582 953 734 992 occurrere
749 951 874 1009 pugnae,

162 1034 222 1090 sive
237 1034 340 1090 instare
356 1032 428 1108 iugis
444 1041 472 1090 et
486 1031 607 1107 grandia
620 1033 735 1090 volvere
750 1051 827 1089 saxa.

165 1131 235 1188 Huc
249 1130 360 1188 iuvenis
375 1140 445 1188 nota
458 1130 547 1187 fertur
560 1130 678 1206 regione
693 1131 803 1187 viarum

163 1228 338 1304 arripuitque
353 1227 452 1286 locum
467 1237 497 1288 et
511 1229 587 1286 silvis
602 1228 709 1286 insedit
724 1228 839 1302 iniquis.

201 1326 345 1384 Velocem
359 1326 470 1384 interea
484 1326 595 1402 superis
610 1327 639 1383 in
655 1325 773 1384 sedibus
788 1325 888 1400 Opim,

161 1443 252 1482 unam
266 1443 303 1482 ex
315 1424 472 1500 virginibus
487 1425 573 1482 sociis
588 1441 728 1499 sacraque
743 1433 867 1493 caterva,

163 1523 359 1598 compellabat
373 1532 402 1580 et
417 1522 470 1580 has
485 1522 570 1579 tristis
586 1523 710 1580 Latonia
723 1538 811 1579 voces

163 1639 213 1679 ore
229 1607 335 1679 dabat:
360 1619 515 1678 ‘Graditur
528 1619 636 1677 bellum
652 1618 691 1677 ad
706 1619 824 1677 crudele
838 1618 969 1689 Camilla,

163 1718 191 1777 Ο
206 1718 295 1793 virg0‚
311 1727 340 1776 et
354 1718 459 1775 nostris
474 1717 654 1791 nequiquam
670 1715 795 1792 cingitur
808 1717 903 1787 armis,

100 1819 101 1823 ’
164 1829 230 1874 cara
244 1816 315 1874 mihi
330 1825 396 1872 ante
411 1815 499 1873 alias)
543 1815 649 1889 Neque
664 1815 742 1872 enirn
757 1832 850 1872 novus
864 1814 918 1871 iste
933 1814 1046 1871 Dianae

163 1914 242 1971 venit
256 1931 338 1971 amor
352 1913 504 1987 subitaque
520 1912 649 1969 animum
664 1911 822 1969 dulcedine
837 1911 937 1969 movit.

164 2012 266 2070 Pulsus
281 2012 319 2069 ob
334 2010 472 2068 invidiam
488 2021 578 2086 regno
594 2011 727 2084 viresque
742 2009 880 2084 superbas

165 2109 301 2166 Priverno
315 2109 434 2182 antiqua
448 2109 585 2166 Metabus
601 2107 668 2165 curn
684 2107 841 2165 excederet
854 2108 934 2178 urbe,
1014 2100 1017 2106 ¹

163 2208 303 2265 infantem
318 2207 430 2282 fugiens
446 2207 544 2264 media
559 2207 634 2264 inter
649 2206 761 2282 proelia
774 2206 842 2264 belli

163 2306 276 2364 sustulit
291 2305 390 2363 exsilio
405 2306 544 2363 comitem
561 2306 716 2380 matrisque
730 2305 845 2363 vocavit

163 2404 283 2462 nomine
299 2404 452 2462 Casmillae
467 2413 577 2461 mutata
592 2413 672 2479 parte
691 2403 854 2462 Camillam.

164 2503 232 2577 Ipse
247 2501 311 2559 sinu
326 2519 394 2577 prae
409 2520 441 2559 se
455 2511 575 2577 portans
591 2502 659 2577 iuga
673 2502 761 2577 longa
775 2501 894 2577 petebat

163 2600 292 2657 solorum
306 2617 477 2670 nemorum:
501 2600 559 2656 tela
573 2599 704 2674 undique
719 2617 806 2676 saera
820 2599 991 2674 premebant

164 2707 194 2754 et
208 2697 383 2754 circumfuso
397 2698 556 2755 volitabant
572 2698 661 2754 milite
676 2696 784 2755 Volsci.

165 2796 245 2852 Ecce
260 2795 344 2870 fugae
360 2795 459 2852 medio
474 2796 593 2853 summis
609 2791 772 2853 Amasenus
786 2794 939 2853 abundans

164 2893 317 2968 spumabat
331 2893 416 2968 ripis:
441 2902 536 2950 tantus
551 2912 582 2950 se
597 2893 722 2951 nubibus
737 2893 830 2951 imber

164 3000 287 3065 ruperat.
331 2990 392 3062 Ille,
409 2991 510 3049 innare
525 3009 640 3066 parans,
656 2992 771 3048 infantis
786 3009 885 3048 amore

165 3086 292 3145 tardatur
307 3106 433 3162 caroque
449 3089 530 3145 oneri
545 3090 636 3146 timet.
680 3089 789 3147 Omnia
803 3107 904 3146 secum

164 3185 289 3242 versanti
304 3186 399 3243 subito
414 3187 461 3242 vix
477 3187 550 3243 haec
565 3186 710 3244 sententia
723 3185 808 3244 sedit.

164 3284 270 3341 Telum
284 3283 411 3342 immane
427 3304 515 3342 manu
530 3284 625 3342 valida
639 3284 721 3359 quod
736 3285 808 3341 forte
824 3285 943 3359 gerebat

164 3382 293 3453 bellator,
310 3380 435 3440 solidum
451 3381 535 3439 nodis
550 3392 579 3438 et
592 3383 698 3440 robore
714 3392 811 3453 coctu,

165 3477 234 3537 liuic
247 3489 355 3551 natam,
371 3479 443 3536 libro
459 3489 489 3537 et
503 3480 623 3537 silvestri
639 3481 742 3538 subere
759 3480 895 3551 clausam,

165 3577 295 3652 implicat
309 3586 396 3653 atque
412 3577 537 3635 habilem
554 3577 669 3635 mediae
686 3578 865 3653 circumligat
879 3578 999 3649 hastae3

166 3694 254 3750 quam
269 3675 370 3733 dextra
384 3676 494 3750 ingenti
508 3676 614 3734 librans
628 3676 669 3733 ita
682 3675 721 3734 ad
735 3676 855 3734 aethera
865 3676 956 3733 satur:

352 3804 385 3837 ⁵2⁷
396 3819 503 3850 recessus.
519 3805 575 3850 Eds.
750 3803 784 3838 ⁵⁸⁰
794 3805 959 3863 nequidquam.¹
974 3805 1031 3850 Eds.

1095 267 1219 328 [AEunrn.
