2742 4284
177 323 305 384 .x1.728.]
543 309 715 373 Camilla's
739 310 898 391 Exploits.

189 497 377 556 Orsilochum
393 498 505 573 fugiens
521 515 720 572 magnumque
735 498 843 571 agitata
856 515 909 572 per
922 497 1025 555 orbem

188 595 281 653 eludit
295 614 366 672 gyro
380 596 499 652 interior
513 596 700 670 sequiturque
715 605 897 670 sequentem,

186 705 252 752 tum
267 692 393 751 validam
407 711 519 767 perque
534 711 615 750 arma
628 694 690 750 viro
705 710 816 768 perque
832 711 899 750 ossa
912 694 1038 750 securim

187 791 273 849 altior
287 809 445 866 exsurgens
459 791 551 848 oranti
567 800 596 847 et
611 790 701 848 multa
715 791 845 866 precanti

187 891 396 965 congeminat:
419 889 521 945 vulnus
537 886 633 945 calido
647 889 720 962 rigat
734 907 788 945 ora
801 890 931 946 cerebro.

188 987 298 1046 Incidit
312 988 382 1045 huic
397 988 551 1061 subitoque
567 996 686 1061 aspectu
702 987 816 1044 territus
831 987 923 1044 haesit

187 1085 441 1160 Appenninicolae
456 1085 579 1143 bellator
592 1084 666 1140 filius
681 1085 768 1155 Anni,

187 1183 266 1240 haud
282 1184 420 1258 Ligurum
437 1192 591 1253 extremus,
608 1181 679 1239 dum
695 1182 792 1239 fallere
806 1183 865 1239 fata
878 1182 1020 1240 sinebant.

187 1283 276 1355 Isque
292 1281 342 1338 ubi
357 1299 388 1338 se
404 1281 483 1338 nullo
499 1280 557 1337 iam
573 1298 657 1337 cursu
673 1278 797 1336 evadere
812 1299 928 1354 pugnae

186 1397 274 1453 posse
289 1397 387 1453 neque
403 1379 559 1436 instantem
574 1378 705 1452 reginam
720 1387 847 1434 avertere
862 1378 963 1448 cernit,

187 1477 310 1534 consilio
325 1495 438 1534 versare
454 1474 538 1533 dolos
553 1477 698 1550 ingressus
712 1485 743 1532 et
756 1485 819 1532 astu

186 1574 290 1648 incipit
304 1575 396 1631 haec:
421 1573 520 1648 ‘Quid
534 1583 595 1631 tarn
610 1573 768 1648 egregium,
784 1574 807 1630 si
821 1574 930 1630 femina
943 1574 1009 1631 forti

186 1671 253 1728 fidis
268 1673 367 1746 equo?
408 1671 532 1729 Dimitte
548 1671 646 1746 fugam
662 1680 692 1726 et
706 1681 735 1727 te
750 1671 917 1728 cornminus
932 1689 1027 1745 aequo

187 1788 304 1827 mecum
319 1769 408 1826 erede
423 1769 486 1826 solo
500 1787 675 1844 pugnaeque
691 1768 816 1844 adcinge
831 1769 978 1843 pedestri:

186 1869 243 1925 iam
258 1887 374 1938 nosces,
390 1878 512 1925 ventosa
525 1867 598 1925 ferat
613 1868 660 1924 cui
675 1867 766 1942 gloria
781 1867 932 1925 fraudem!

186 1967 276 2037 Dixit,
292 1976 321 2022 at
335 1967 383 2022 illa
396 1966 492 2023 furens
507 1966 625 2040 acrique
641 1964 772 2022 adcensa
786 1964 887 2022 dolore

186 2064 272 2121 tradit
287 2083 395 2138 equum
411 2064 511 2120 comiti
528 2063 705 2138 paribusque
720 2063 825 2120 resistit
839 2063 869 2119 in
883 2063 978 2134 annis,

186 2181 255 2219 ense
271 2161 363 2236 pedes
379 2160 460 2218 nudo
475 2179 607 2236 puraque
622 2162 752 2218 interrita
767 2179 876 2236 parma.

185 2263 223 2318 At
238 2260 358 2331 iuvenis,
374 2260 478 2316 vicisse
494 2255 564 2316 dolo
579 2269 665 2331 ratus,
682 2260 778 2317 avolat
793 2260 865 2334 ipse,

186 2358 265 2415 haud
280 2377 369 2429 mora,
387 2358 591 2432 conversisque
606 2357 694 2433 fugax
708 2359 834 2415 aufertur
848 2356 968 2414 habenis

185 2455 468 2531 quadrupedemque
483 2455 574 2512 citum
590 2457 694 2514 ferrata
709 2456 790 2513 calce
804 2455 910 2530 fatigat.

187 2554 286 2610 ‘Vane
303 2554 390 2629 Ligus
406 2554 566 2628 frustraque
582 2554 685 2610 animis
701 2554 776 2610 elate
792 2553 932 2628 superbis,

185 2652 362 2726 nequiquam
376 2651 482 2726 patrias
497 2652 645 2726 temptasti
661 2652 789 2709 lubricus
804 2651 880 2721 artis,

185 2768 241 2806 nec
255 2749 331 2806 fraus
345 2759 373 2806 te
389 2749 567 2827 incolumem
583 2749 677 2806 fallaci
693 2750 817 2825 perferet
831 2750 937 2819 Aun0,'

186 2847 258 2904 haec
273 2847 350 2904 fatur
362 2847 443 2921 virgo
459 2857 488 2903 et
503 2847 670 2921 pernicibus
686 2848 775 2922 ignea
790 2847 894 2922 plantis

185 2945 286 3003 transit
301 2963 409 3019 equum
425 2963 510 3001 cursu
526 2945 669 3019 frenisque
686 2944 809 3002 adversa
823 2944 974 3019 prehensis
1034 2996 1036 2999 .

186 3041 373 3118 congreditur
386 3060 557 3117 poenasque
572 3044 693 3100 inimico
709 3062 746 3100 ex
760 3044 900 3118 sanguine
915 3044 1021 3101 sumit:

185 3159 273 3214 quam
287 3140 370 3197 facile
386 3141 527 3214 accipiter
541 3159 611 3197 saxo
628 3159 711 3198 sacer
725 3141 784 3197 ales
799 3141 836 3197 ab
851 3141 909 3198 alto

185 3239 373 3312 consequitur
388 3239 493 3313 pennis
508 3238 661 3299 sublimem
679 3240 707 3294 in
723 3239 800 3296 nube
816 3238 984 3296 columbam

185 3350 448 3410 comprensamque
463 3347 543 3394 tenet
560 3337 742 3411 pedibusque
759 3337 1016 3409 eviscerat'uncis3

185 3444 245 3491 tum
262 3453 346 3491 cruor
361 3444 390 3490 et
405 3435 501 3491 vulsae
517 3419 652 3492 labuntur
666 3435 703 3492 ab
719 3434 834 3491 aethere
849 3433 975 3508 plumae.

225 3534 263 3589 At
278 3550 338 3588 non
353 3532 427 3590 haec
443 3532 526 3590 nullis
541 3532 693 3589 hominum
709 3542 787 3589 sator
800 3534 888 3606 atque
905 3531 1029 3589 deorum

185 3630 449 3696 observansoculis
463 3649 578 3688 summo
592 3629 677 3687 sedet
691 3629 764 3686 altus
780 3629 927 3704 Olympo:

184 3728 365 3804 Tyrrhenum
381 3729 495 3804 genitor
508 3728 696 3785 Tarchonem
711 3728 741 3784 in
756 3728 866 3803 proelia
880 3745 968 3784 saeva

185 3823 303 3882 suscitat
317 3835 346 3882 et
361 3825 482 3884 stimulis
498 3825 577 3884 haud
591 3826 726 3884 mollibus
741 3826 842 3883 incitat
856 3826 920 3883 iras.

622 3938 654 3971 ⁷2⁸
665 3940 756 3983 incutit.
772 3939 800 3983 R.
