2742 4284
144 313 263 378 x.664.]
363 304 494 366 Turnus
517 304 669 368 Pursues
690 329 711 367 a
735 307 831 369 False
851 309 991 372 AEneas.

145 491 235 547 Nunc
250 501 352 548 manet
366 491 512 548 insontem
528 492 621 566 gravis
636 493 739 563 exitus,
755 502 804 549 aut
819 511 875 568 ego
890 495 950 550 veri

142 605 219 646 vana
233 588 321 646 seror.
366 587 456 662 Quod
471 597 502 646 ut
518 589 545 648 O
560 589 657 664 potius
672 589 827 648 formidine
842 591 912 648 falsa

142 685 227 744 ludar
243 695 273 743 et
289 686 319 742 in
335 686 437 743 melius
452 695 510 757 tua,
527 687 577 760 qui
591 696 686 760 potes,
702 705 768 744 orsa
781 687 914 747 reflectas
928 691 951 747 !’

144 786 232 842 Haec
248 782 298 840 ubi
315 781 395 840 dicta
409 782 501 855 dedit,
517 783 599 840 caelo
615 801 645 840 se
661 784 793 859 protinus
809 786 867 843 alto

143 883 230 953 misit,
246 899 339 956 agens
355 880 484 938 hiemem
499 881 601 940 nimbo
616 881 768 938 succincta
782 900 835 958 per
848 901 940 954 auras,

143 982 326 1054 Iliacamque
343 978 439 1036 aciem
455 989 484 1036 et
499 978 657 1037 Laurentia
671 990 765 1038 castra
778 979 888 1056 petivit.

142 1081 168 1136 T
169 1098 221 1136 um
236 1077 296 1136 dea
310 1077 389 1134 nube
405 1094 478 1134 cava
491 1086 613 1134 tenuem
628 1078 694 1135 sine
708 1077 816 1136 viribus
830 1079 963 1138 umbram

142 1177 297 1235 infaciem
312 1177 442 1247 Aeneae,
458 1175 520 1232 visu
536 1175 665 1233 mirabile
681 1185 852 1246 monstrum,

143 1274 301 1333 Dardaniis
316 1280 399 1331 omat
414 1273 477 1330 telis
493 1273 680 1348 clipeumque
695 1273 836 1349 iubasque

143 1373 235 1431 divini
249 1371 405 1430 adsimulat
421 1371 533 1445 capitis
550 1369 600 1428 dat
616 1371 714 1428 inania
727 1372 824 1443 verba,

143 1470 194 1530 dat
209 1471 273 1529 sine
289 1479 388 1527 mente
404 1487 509 1527 sonum
524 1486 698 1544 gressusque
713 1469 826 1544 effingit
840 1471 943 1541 euntis,

143 1580 238 1627 morte
254 1568 336 1626 obita
350 1567 442 1641 qualis
458 1567 535 1623 sama
549 1575 593 1624 est
609 1566 729 1624 volitare
743 1567 848 1642 figuras

143 1677 193 1725 aut
208 1683 285 1742 quae
301 1666 412 1740 sopitos
429 1662 574 1721 deludunt
589 1665 704 1722 somnia
717 1683 828 1723 sensus.

142 1767 181 1823 At
195 1765 305 1839 primas
320 1763 396 1821 laeta
410 1772 478 1819 ante
493 1762 572 1818 acies
587 1763 712 1818 exsultat
726 1763 823 1837 imago

143 1864 299 1937 inritatque
314 1861 408 1918 virum
423 1860 488 1918 telis
503 1869 532 1917 et
547 1877 621 1916 voce
637 1859 761 1917 lacessit.

143 1964 237 2019 Instat
251 1960 302 2018 cui
315 1961 430 2018 Turnus
446 1956 677 2032 stridentemque
695 1959 808 2016 eminus
823 1958 935 2017 hastam

143 2059 273 2117 conicit:
296 2057 345 2114 illa
358 2056 428 2114 dato
443 2055 528 2113 vertit
543 2056 663 2130 vestigia
678 2066 771 2130 tergo.

76 2230 80 2234 ⁵
142 2159 221 2215 Tum
235 2174 306 2214 vero
320 2158 442 2213 Aenean
457 2171 590 2212 aversum
605 2163 637 2210 ut
651 2154 758 2212 cedere
772 2156 887 2212 Turnus

143 2254 271 2313 credidit
284 2265 373 2328 atque
388 2253 487 2310 animo
503 2269 588 2327 spem
602 2251 735 2310 turbidus
751 2253 845 2311 hausit
859 2254 985 2325 inanem,

144 2354 231 2428 ‘Quo
246 2353 330 2428 fugis
345 2351 467 2409 Aenea?
507 2350 666 2408 Thalamos
680 2369 718 2408 ne
734 2350 836 2408 desere
852 2361 972 2426 pact0s;

143 2451 199 2508 hac
214 2450 331 2520 dabitur
345 2449 448 2506 dextra
462 2449 546 2508 tellus
561 2448 693 2522 quaesita
708 2467 760 2523 per
773 2449 886 2508 undas)

143 2549 226 2608 Talia
241 2547 403 2607 vociferans
419 2546 549 2620 sequitur
563 2546 754 2620 strictumque
769 2558 904 2606 coruscat

144 2665 317 2706 mucronem
332 2663 387 2703 nec
403 2645 476 2702 serre
492 2643 572 2702 videt
587 2662 640 2701 sua
653 2644 762 2719 gaudia
776 2655 886 2703 ventos.

145 2746 231 2803 Forte
247 2744 314 2802 ratis
328 2743 398 2800 celsi
414 2742 573 2800 coniuncta
588 2741 740 2816 crepidine
756 2743 817 2800 saxi

144 2843 283 2920 expositis
298 2842 392 2901 stabat
406 2840 491 2899 scalis
506 2849 535 2898 et
550 2851 641 2915 ponte
656 2852 768 2917 parato,

143 2961 201 3017 qua
215 2960 267 2998 rex
281 2940 407 3000 Clusinis
422 2939 562 2996 advectus
578 2939 698 2998 Osinius
714 2941 780 2998 oris.

144 3041 215 3098 Huc
229 3057 295 3098 sese
309 3035 425 3113 trepida
439 3038 558 3095 Aeneae
574 3037 710 3113 fugientis
725 3039 823 3115 imago

144 3137 254 3197 conicit
267 3135 298 3194 in
312 3135 455 3208 latebras;
478 3153 535 3194 nec
549 3137 665 3194 Turnus
680 3138 798 3213 segnior
810 3139 896 3197 instat

143 3243 358 3310 exsuperatque
373 3253 469 3291 moras
484 3244 513 3293 et
528 3236 626 3311 pontis
642 3237 766 3295 transilit
779 3238 860 3295 altos.

142 3333 199 3390 Vix
213 3351 330 3408 proram
343 3334 494 3409 attigerat:
518 3336 627 3410 rumpit
642 3335 774 3394 Saturnia
787 3336 887 3394 sunem

143 3430 331 3506 avolsamque
347 3434 420 3507 rapit
434 3433 565 3492 revoluta
579 3451 632 3508 per
646 3452 775 3509 aequora
789 3452 902 3492 navem.

144 3531 230 3590 Illum
244 3540 343 3590 autem
358 3535 475 3590 Aeneas
490 3532 643 3589 absentem
658 3532 687 3589 in
702 3531 812 3607 praelia
824 3531 938 3607 poscit;

143 3631 230 3689 obvia
244 3631 334 3689 multa
347 3630 440 3688 virum
456 3628 581 3688 demittit
596 3647 721 3706 corpora
734 3630 838 3688 morti:

143 3740 206 3786 tum
219 3728 291 3786 levis
299 3725 379 3784 haud
390 3726 463 3784 ultra
477 3726 600 3783 latebras
614 3725 672 3782 iam
688 3725 799 3799 quaerit
813 3726 918 3799 imago,

144 3824 197 3885 sed
212 3825 337 3883 sublime
352 3822 452 3881 volans
466 3821 537 3879 nubi
551 3839 583 3878 se
597 3821 755 3880 immiscuit
769 3833 855 3881 atrae.
