2742 4284
193 267 236 328 66
434 262 597 325 Remulus
621 261 756 324 Revilcs
778 262 833 324 the
860 263 1005 346 Trqyans.

194 451 307 511 sustulit
320 451 378 508 alta
391 459 496 526 petens
510 448 635 525 pedibus
652 448 731 505 lovis
744 449 869 524 armiger
881 451 964 507 uncis

195 549 357 625 quaesitum
372 558 421 606 aut
435 547 520 604 matri
534 547 630 603 multis
644 546 787 603 balatibus
802 565 910 621 agnum

113 639 126 650 ⁸
195 647 317 705 Martius
332 665 349 704 a
364 646 482 704 stabulis
496 645 592 719 rapuit
606 645 700 719 lupus.
742 645 882 719 Undique
896 647 1007 704 clamor

195 745 319 803 tollitur:
343 744 485 802 invadunt
499 753 529 800 et
543 743 633 800 fossas
648 761 734 817 agere
748 743 918 818 complent;

196 843 326 902 ardentis
339 842 440 900 taedas
454 842 501 898 alii
516 840 554 898 ad
569 841 684 916 fastigia
698 841 815 898 iactant.

197 943 326 1000 Ilioneus
340 959 411 998 saxo
426 952 513 1015 atque
528 939 639 1014 ingenti
653 939 794 1014 fragmine
809 941 916 998 montis

197 1040 352 1098 Lucetium
366 1049 466 1114 portae
481 1038 656 1096 subeuntem
673 1038 805 1111 ignisque
819 1039 970 1110 serentem,

90 1203 95 1212 Ι
198 1136 375 1194 Emathiona
389 1137 484 1211 Liger,
500 1137 686 1209 Corynaeum
702 1135 803 1191 sternit
817 1136 917 1207 Asilas,

198 1234 245 1291 hic
260 1235 354 1292 iaculo
368 1235 473 1304 bonus,
488 1234 535 1291 hic
551 1234 638 1307 longe
653 1233 769 1288 saliente
784 1234 895 1308 sagitta,

198 1332 352 1407 Ortygium
367 1333 511 1402 Caeneus,
527 1332 669 1388 victorem
685 1331 805 1388 Caenea
818 1332 942 1403 Tumus,

197 1431 313 1487 Turnus
329 1431 395 1505 Ityn
410 1430 616 1503 Cloniumque,
633 1428 815 1503 Dioxippum
831 1431 1057 1504 Promolumque

198 1538 228 1586 et
243 1529 371 1603 Sagarim
386 1537 415 1584 et
430 1527 549 1584 summis
564 1536 690 1584 stantem
704 1544 758 1600 pro
772 1527 896 1584 turribus
911 1527 995 1598 Idan,

200 1628 368 1684 Privernum
383 1627 489 1699 Capys.
534 1626 625 1682 Hunc
639 1625 735 1698 primo
741 1624 818 1701 'levis
833 1625 915 1682 hasta
927 1626 1088 1683 Themillae

199 1725 369 1782 strinxerat:
392 1724 438 1779 ille
453 1741 572 1779 manum
586 1723 721 1796 proiecto
734 1723 862 1796 tegmine
878 1721 1001 1780 demens

200 1822 238 1879 ad
252 1823 355 1879 volnus
369 1822 451 1892 tulit3
474 1838 543 1895 ergo
557 1821 609 1877 alis
623 1820 745 1894 adlapsa
758 1821 861 1895 sagitta

200 1931 229 1976 et
243 1920 325 1976 laevo
340 1920 428 1976 infixa
442 1928 486 1975 est
500 1918 581 1975 lateri
595 1937 700 1975 manus
714 1918 872 1992 abditaque
887 1919 964 1975 intus

201 2018 378 2092 spiramenta
391 2017 505 2073 animae
521 2015 598 2072 letali
612 2017 731 2073 volnere
744 2017 830 2090 rupit.

201 2115 300 2173 Stabat
312 2115 342 2171 in
357 2115 480 2189 egregiis
494 2115 627 2170 Arcentis
641 2115 716 2170 filius
731 2114 826 2185 armis

201 2214 296 2288 pictus
311 2231 367 2270 acu
381 2211 567 2287 chlamydem
582 2221 610 2269 et
625 2212 769 2286 ferrugine
783 2213 877 2268 clarus
894 2213 1015 2283 Hibera,

201 2311 320 2385 insignis
334 2310 418 2380 facie,
433 2310 547 2384 genitor
560 2327 650 2384 quem
663 2310 780 2366 miserat
796 2312 915 2380 Arcens,

201 2407 342 2466 eductum
358 2408 461 2465 Matris
475 2407 542 2463 luco
557 2407 724 2481 Symaethia
738 2408 849 2465 circum

201 2507 328 2577 flumina,
343 2505 457 2580 pinguis
471 2506 521 2563 ubi
536 2515 565 2561 et
580 2504 730 2580 placabilis
745 2524 794 2562 ara
808 2507 915 2563 Palici:

201 2603 369 2660 stridentem
384 2602 506 2659 fundam
520 2603 622 2677 positis
638 2604 802 2659 Mezentius
817 2603 906 2661 hastis

201 2702 264 2776 ipse
279 2711 323 2757 ter
336 2700 467 2756 adducta
481 2701 592 2756 circum
607 2709 697 2774 caput
712 2701 770 2774 egit
784 2699 900 2758 habena

201 2808 231 2856 et
245 2797 344 2856 media
358 2797 471 2855 adversi
486 2797 643 2872 liquefacto
659 2807 793 2872 tempora
807 2799 929 2873 plumbo

201 2896 306 2955 diffidit
320 2914 355 2952 ac
369 2895 460 2953 multa
473 2905 642 2969 porrectum
657 2895 789 2952 extendit
804 2897 920 2954 harena.

240 2996 318 3052 Tum
333 2994 458 3069 primum
472 2993 550 3050 bello
565 2994 692 3049 celerem
710 2993 870 3050 intendisse
885 2997 1019 3069 sagittam

200 3093 307 3151 dicitur
320 3101 387 3149 ante
402 3092 475 3148 seras
491 3091 591 3148 solitus
607 3101 714 3148 terrere
732 3092 850 3166 fugaces

200 3191 343 3250 Ascanius
357 3190 521 3264 sortemque
537 3208 626 3246 mauu
640 3188 749 3246 fudisse
765 3191 943 3260 Numanum,

199 3291 248 3348 cui
263 3288 390 3347 Remulo
405 3307 572 3363 cognomen
587 3297 658 3358 erat,
672 3288 821 3362 Turnique
837 3289 981 3345 minorem

199 3405 368 3465 germanam
383 3406 476 3462 nuper
489 3386 618 3444 thalamo
632 3386 759 3443 sociatus
773 3385 908 3444 habebat.

201 3490 230 3546 Is
244 3489 369 3564 primam
384 3497 450 3544 ante
465 3486 561 3542 aciem
576 3485 664 3559 digna
678 3494 766 3558 atque
781 3483 901 3558 indigna
913 3484 1005 3541 relatu

200 3587 360 3645 vociferans
376 3583 564 3657 tumidusque
578 3601 657 3640 novo
672 3583 843 3658 praecordia
856 3600 946 3656 reguo

201 3687 259 3742 ibat
273 3696 301 3742 et
316 3687 465 3761 ingentem
481 3699 544 3740 sese
560 3682 687 3740 clamore
703 3682 831 3739 serebat:

201 3782 286 3836 ‘Non
301 3781 393 3854 pudet
407 3780 561 3839 obsidione
578 3780 679 3834 iterum
694 3779 826 3850 valloque
842 3779 944 3848 teneri,

1125 277 1239 341 [auus.
