2742 4284
131 323 188 368 122
469 304 640 369 Camilla’s
664 307 827 389 Exploits.
1059 320 1179 381 [AEunn.

125 493 240 566 pulsant
254 501 283 549 et
297 492 382 567 pictis
397 491 540 550 bellantur
553 495 718 550 Amazones
732 495 819 552 armis
1135 491 1180 535 ⁶⁶⁰

125 608 177 647 seu
192 590 301 648 circum
318 590 511 665 Hippolyten,
526 608 578 648 seu
594 609 661 648 cum
676 609 708 648 se
724 591 830 649 Martia
844 611 929 650 curru

127 687 308 745 Penthesilea
322 687 416 758 refert,
433 705 600 762 magnoque
616 689 745 746 ululante
759 690 884 747 tumultu

125 785 252 843 feminea
266 785 409 842 exsultant
424 785 527 842 lunatis
541 786 658 859 agmina
671 787 765 860 peltis.

127 884 224 957 Quem
239 882 298 939 telo
312 882 447 956 primum,
463 900 552 957 quem
568 892 756 958 postremum,
772 903 873 958 aspera
887 885 976 960 virgo,

126 980 239 1038 deicis?
281 982 338 1040 Aut
353 991 425 1054 quot
440 979 520 1037 humi
535 981 688 1037 morientia
702 999 825 1055 corpora
839 981 956 1039 fundis?

127 1079 280 1135 Eunaeum
296 1077 383 1135 Clitio
398 1078 524 1152 primum
539 1087 629 1153 patre,
647 1080 729 1136 cuius
743 1089 876 1154 apertum

125 1174 238 1232 adversi
253 1175 340 1249 longa
354 1175 563 1233 transverberat
578 1175 673 1232 abiete
688 1185 810 1250 pectus:

126 1272 273 1347 sanguinis
289 1272 334 1330 ille
349 1291 470 1330 vomens
484 1274 559 1335 rivos
575 1272 654 1331 cadit
668 1284 756 1347 atque
771 1285 921 1331 emeritam

127 1369 239 1428 mandit
254 1370 377 1428 humum
392 1372 578 1445 moriensque
594 1389 647 1428 suo
662 1389 693 1429 se
710 1372 739 1428 in
754 1372 872 1430 volnere
887 1383 990 1429 versat.

126 1470 204 1528 Tum
220 1469 307 1526 Lirim
323 1470 523 1544 Pagasumque
538 1486 643 1542 super,
665 1487 791 1543 quorum
806 1470 878 1527 alter
891 1468 1019 1527 habenas

127 1567 249 1626 suffosso
263 1567 408 1625 revolutus
423 1585 501 1642 equo
515 1565 588 1624 dum
603 1567 720 1642 colligit,
735 1568 806 1624 alter

128 1664 199 1723 dum
214 1666 290 1723 subit
304 1683 339 1722 ac
354 1664 486 1722 dextram
501 1664 609 1722 labenti
623 1664 718 1721 tendit
732 1665 883 1735 inermem,

127 1764 300 1839 praecipites
315 1763 481 1838 pariterque
494 1773 589 1821 ruunt.
635 1762 691 1819 His
706 1761 789 1820 addit
803 1765 967 1820 Amastrum

130 1860 332 1937 Hippotaden,
348 1860 534 1935 sequiturque
550 1860 723 1917 incumbens
737 1861 851 1917 eminus
864 1860 948 1917 hasta

128 1961 280 2034 Tereaque
298 1958 556 2033 Harpalycumque
571 1969 600 2016 et
615 1959 846 2032 Demophoonta
859 1945 1080 2032 Chrominque3

129 2067 258 2132 quotque
274 2057 379 2114 emissa
393 2075 480 2113 manu
495 2057 636 2114 contorsit
650 2056 762 2131 spicula
775 2057 864 2130 virgo,

129 2165 172 2214 tot
188 2153 303 2230 Phrygii
317 2153 453 2212 cecidere
468 2154 528 2211 viri.
573 2154 676 2210 Procul
692 2154 820 2229 Ornytus
833 2153 920 2209 armis

129 2253 235 2328 ignotis
249 2250 279 2309 el
293 2269 370 2326 equo
385 2261 505 2309 venator
520 2253 629 2327 Iapyge
644 2252 741 2321 fertur,

130 2351 177 2408 cui
192 2350 275 2425 pellis
288 2350 361 2407 latos
377 2368 492 2407 umeros
507 2360 607 2424 erepta
621 2350 746 2407 iuvenco

130 2449 282 2524 pugnatori
297 2448 400 2523 operit,
417 2458 504 2522 caput
519 2448 621 2522 ingens
636 2448 694 2504 oris
710 2447 806 2504 hiatus

131 2559 160 2605 et
174 2547 268 2604 malae
283 2557 380 2603 texere
396 2546 455 2620 lupi
471 2565 538 2603 eum
554 2545 691 2604 dentibus
705 2547 786 2616 albis,

130 2646 307 2721 agrestisque
322 2663 426 2702 manus
440 2653 532 2701 armat
546 2662 645 2718 sparus
657 2663 665 2714 ;
689 2645 751 2718 ipse
766 2644 887 2701 catervis

130 2744 248 2802 vertitur
263 2743 293 2799 iu
309 2741 413 2799 mediis
428 2751 457 2799 et
472 2752 534 2798 toto
549 2742 656 2798 vertice
672 2759 759 2816 supra
773 2752 825 2799 est.

132 2844 223 2900 Hunc
237 2841 285 2897 illa
298 2850 464 2915 exceptum,
480 2858 576 2914 neque
592 2840 670 2896 enim
685 2839 767 2896 labor
780 2840 896 2914 agmine
909 2858 1004 2911 verso,

131 2940 225 2997 traicit
239 2949 268 2996 et
282 2956 370 3013 super
384 2937 458 2994 haec
473 2938 592 2994 inimico
607 2947 728 3012 pectore
742 2937 833 2994 fatur:

133 3037 230 3096 ‘Silvis
245 3046 283 3107 te,
298 3035 456 3111 Tyrrhene‚
472 3036 545 3093 feras
562 3036 669 3111 agitare
684 3036 813 3108 putasti?

131 3135 258 3193 Advenit
273 3133 323 3208 qui
337 3143 431 3190 vestra
445 3133 508 3191 dies
523 3133 711 3190 muliebribus
726 3134 812 3189 armis

131 3233 220 3290 verba
233 3231 419 3306 redarguerit.
463 3233 581 3288 Nomen
596 3242 695 3287 tamen
710 3229 788 3287 haud
802 3231 865 3287 leve
881 3241 994 3305 patrum

131 3329 264 3388 manibus
281 3329 338 3386 hoc
352 3329 466 3398 referes,
482 3330 541 3386 telo
558 3328 701 3385 cecidisse
717 3328 876 3386 Camillae!

133 3427 265 3486 Protinus
280 3427 466 3486 Orsilochum
481 3436 509 3483 et
525 3428 627 3496 Buten,
644 3425 704 3483 duo
718 3426 846 3482 maxima
859 3426 1006 3482 Teucrum

131 3545 263 3602 corpora,
279 3525 331 3583 sed
347 3526 442 3582 Buten
457 3543 588 3583 aversum
605 3523 727 3598 cuspide
742 3523 803 3580 fixit

131 3625 251 3683 loricam
265 3623 436 3699 galeamque
452 3623 534 3694 inter,
551 3640 608 3696 qua
622 3622 697 3680 colla
712 3620 842 3679 sedentis

132 3724 231 3780 lucent
245 3730 275 3778 et
288 3720 371 3779 laevo
386 3718 538 3794 dependet
552 3739 654 3795 parma
669 3720 788 3790 lacerto,

569 3850 601 3882 ⁶⁷1
612 3851 706 3907 suffuso.
721 3850 750 3894 R.
