2742 4284
132 271 201 365 '134
416 283 509 362 June
525 285 669 366 Appeals
691 295 722 346 to
735 284 894 363 juturna.

108 537 119 561 .
137 483 166 529 et
179 488 271 546 genus
286 471 418 529 Assaraci
434 469 608 529 Mnestheus
622 479 652 529 et
665 470 745 528 fortis
760 470 851 528 Asilas

137 577 166 626 et
181 570 335 643 Messapus
350 586 460 643 equum
476 567 611 641 domitor,
628 568 778 644 Neptrmia
792 567 897 643 proles.

135 667 236 740 thue
251 664 321 723 dato
336 666 419 741 signo
434 666 527 741 spatia
540 665 571 723 in
585 683 639 723 sua
652 666 775 741 quisque
792 665 920 738 recessit,
983 715 988 724 .

136 763 268 841 defigunt
282 763 382 822 tellure
398 763 495 822 hastas
509 773 538 822 et
552 773 635 822 scuta
647 764 798 821 reclinant.

134 862 213 918 Tum
227 859 324 919 studio
339 859 448 919 effusae
463 870 568 918 matres
584 870 613 918 et
628 862 730 936 volgus
744 861 889 920 inermum

135 957 311 1033 invalidique
326 976 411 1017 senes
425 958 509 1016 turris
518 977 558 1015 -ac
574 968 653 1016 tecta
667 957 824 1017 domorum

136 1054 288 1128 obsedere,
304 1057 350 1113 alii
365 1056 456 1131 portis
471 1056 641 1114 sublimibus
657 1056 784 1116 adstant.

175 1156 213 1211 At
229 1156 304 1212 Iuno
319 1173 336 1211 e
350 1173 476 1226 summo,
491 1153 542 1229 qui
556 1171 635 1211 nunc
650 1155 780 1214 Albanus
795 1155 926 1229 habetur,

135 1262 197 1310 tum
212 1270 308 1327 neque
322 1270 432 1310 nomen
447 1262 508 1310 erat
521 1271 577 1310 nec
592 1252 687 1311 honos
702 1263 752 1311 aut
765 1254 856 1329 gloria
870 1254 972 1327 monti,

102 1357 104 1362 '
135 1349 318 1425 prospiciens
331 1350 445 1408 tumulo
460 1369 597 1426 campum
612 1351 783 1426 aspectabat
797 1361 827 1409 et
839 1352 940 1410 ambas

136 1448 313 1505 Laurentum
327 1448 496 1522 Troumque
512 1447 591 1505 acies
605 1447 766 1522 urbemque
783 1447 887 1505 Latini.

136 1546 293 1620 Extemplo
308 1546 399 1602 Turni
415 1546 456 1603 sic
471 1555 515 1603 est
528 1545 627 1603 adfata
641 1563 771 1604 sororem

135 1642 203 1701 diva
217 1643 313 1716 deam,
329 1644 437 1719 stagnis
452 1661 527 1718 quae
542 1643 767 1718 fluminibusque
782 1644 895 1701 sonoris

135 1740 282 1817 praesidet
301 1741 396 1819 (hunc
411 1740 450 1798 illi
464 1759 515 1797 rex
529 1740 653 1798 aetheris
667 1739 741 1798 altus
756 1740 900 1798 honorem

137 1839 269 1915 Iuppiter
283 1849 383 1914 erepta
398 1857 451 1914 pro
466 1838 628 1914 virginitate
643 1836 780 1914 sacravit)
798 1860 804 1896 :

136 1936 303 2012 ‘Nympha
318 1935 410 1995 decus
425 1936 586 2006 fluviorum,
601 1935 701 1993 animo
715 1935 877 2010 gratissima
891 1939 1000 2007 nostro,

136 2035 192 2092 scis
207 2044 239 2092 ut
252 2044 281 2092 te
296 2034 410 2092 cunctis
424 2053 524 2105 unam,
540 2052 745 2108 quaecumque
760 2033 881 2091 Latinae

137 2132 314 2209 magnanimi
329 2132 405 2190 Iovis
420 2132 564 2207 ingratum
580 2131 741 2190 ascendere
756 2131 863 2203 cubile,

136 2230 321 2306 praetulerim
336 2230 468 2304 caelique
483 2229 586 2287 lubens
601 2230 631 2286 in
645 2240 727 2305 parte
741 2230 880 2288 locarim:

136 2328 217 2386 disce
232 2337 322 2400 tuum,
338 2346 376 2385 ne
391 2347 438 2385 me
454 2328 580 2399 incuses,
597 2329 728 2399 Iuturna,
744 2326 885 2385 dolorem.

137 2427 204 2500 Qua
218 2426 278 2484 visa
292 2436 336 2484 est
351 2427 480 2484 Fortuna
493 2427 553 2501 pati
569 2428 736 2500 Parcaeque
751 2425 886 2484 sinebant

136 2523 242 2582 cedere
256 2543 301 2582 res
317 2525 410 2596 Latio,
426 2525 558 2582 Turnum
573 2533 602 2582 et
616 2534 667 2581 tua
680 2524 800 2581 moenia
814 2523 888 2581 texi:

135 2641 215 2680 nunc
229 2623 365 2680 iuvenem
380 2622 538 2698 imparibus
555 2621 641 2680 video
657 2639 832 2679 concurrere
847 2621 921 2693 satis,

137 2723 349 2794 Parcarumque
364 2719 427 2778 dies
442 2732 471 2778 et
485 2720 527 2777 vis
540 2720 659 2777 inimica
672 2720 858 2795 propinquat.

137 2820 206 2875 Non
221 2836 350 2893 pugnam
364 2817 495 2892 aspicere
509 2817 585 2875 hanc
601 2817 703 2889 oculis,
719 2835 780 2874 non
793 2815 914 2874 foedera
928 2834 1057 2892 possum.

135 2917 182 2973 Tu
196 2935 249 2990 pro
263 2934 403 2992 germano
418 2913 514 2990 siquid
530 2915 712 2990 praesentius
727 2914 827 2986 audeS,

136 3031 244 3088 perge:
268 3012 364 3070 decet.
407 3013 517 3070 Forsan
533 3013 653 3070 miseros
669 3013 791 3071 meliora
805 3013 981 3086 sequentur!

135 3111 192 3167 Vix
207 3130 250 3182 ea,
267 3130 335 3168 cum
350 3111 481 3168 lacrimas
496 3110 588 3168 oculis
604 3112 724 3168 Iuturna
738 3109 867 3185 profudit

136 3219 237 3283 terque
252 3218 412 3284 quaterque
428 3227 516 3266 manu
531 3218 635 3283 pectus
650 3209 793 3283 percussit
807 3208 974 3266 honestum.

138 3306 225 3363 ‘Non
240 3305 374 3366 lacrumis
390 3306 447 3363 hoc
462 3308 596 3381 tempus,’
613 3306 652 3364 ait
667 3306 799 3364 Saturnia
815 3307 908 3364 luno:

137 3402 299 3461 ‘Adcelera
314 3413 344 3461 et
358 3405 482 3475 fratrem,
498 3403 586 3478 siquis
602 3403 717 3475 moduS,
734 3404 813 3478 eripe
829 3403 923 3474 morti,

137 3511 187 3559 aut
201 3511 232 3559 tu
246 3502 322 3560 bella
338 3502 382 3559 cie
398 3512 635 3576 conceptumque
650 3515 756 3559 excute
770 3500 894 3559 foedus:

138 3610 239 3657 auctor
253 3618 308 3674 ego
323 3598 472 3657 audendi!
515 3600 562 3658 Sic
576 3599 728 3658 exhortata
742 3599 856 3674 reliquit

139 3698 277 3755 incertam
293 3707 322 3754 et
335 3697 407 3756 tristi
421 3697 565 3755 turbatam
578 3697 697 3754 volnere
713 3695 827 3754 mentis.

179 3795 297 3852 interea
310 3813 400 3870 reges,
416 3794 526 3869 ingenti
542 3795 618 3852 mole
635 3794 755 3852 Latinus

1067 299 1187 361 [raum
