2742 4284
160 245 177 287 1.
192 241 252 301 μὰ]
517 229 627 292 Times
649 230 690 309 os
705 227 881 310 Plauting.

157 426 275 490 tempus
290 415 380 473 humo
396 425 493 490 tegere
509 425 537 472 et
552 413 726 472 iamdudum
740 414 911 472 incumbere
925 414 1033 486 aratris,

157 512 230 570 dum
244 513 324 570 sicca
338 512 438 569 tellure
453 513 530 583 licet,
546 512 616 570 dum
633 512 733 570 nubila
746 511 887 586 pendent.

156 611 234 668 Vere
249 610 323 668 fabis
338 611 431 682 satio,
453 620 515 667 tum
529 619 559 666 te
574 627 703 684 quoque,
719 609 844 679 medica,
859 618 958 683 putres

156 709 307 784 accipiunt
322 708 403 778 sulci,
420 716 449 764 et
464 707 544 764 milio
557 707 638 764 venit
651 725 749 764 annua
763 725 841 778 cura,

156 805 301 863 candidus
317 806 421 863 auratis
436 805 528 880 aperit
543 823 612 862 cum
627 804 764 863 comibus
778 823 888 863 annum

155 904 278 974 Taurus,
295 913 324 960 et
338 920 439 960 averso
454 901 565 960 cedens
581 902 669 960 Canis
684 901 794 959 occidit
808 912 895 960 astr0.

156 1003 194 1058 At
209 1001 233 1058 si
248 1001 391 1059 triticeam
406 1000 436 1058 in
451 1017 577 1057 messem
591 1000 769 1074 robustaque
785 1000 859 1058 farra

156 1099 307 1156 exercebis
323 1098 454 1168 humum,
470 1097 596 1171 solisque
612 1097 732 1154 instabis
746 1097 847 1168 aristiS,

155 1205 223 1253 ante
238 1195 291 1253 tibi
307 1197 388 1253 ane
404 1194 566 1252 Atlantides
581 1194 802 1252 abscondantur

156 1293 326 1368 Gnosiaque
341 1293 469 1351 ardentis
484 1292 612 1351 decedat
626 1293 709 1350 stella
724 1293 870 1365 Coronae,

155 1391 256 1450 debita
269 1410 358 1466 quam
373 1392 460 1449 sulcis
477 1391 641 1449 committas
657 1392 770 1449 semina
784 1408 932 1466 quamque

154 1490 260 1546 invitae
275 1508 414 1565 properes
430 1489 499 1546 anni
515 1507 597 1563 spem
613 1487 734 1546 credere
748 1498 850 1547 terrae.

155 1587 242 1645 Multi
256 1597 324 1644 ante
339 1605 479 1644 occasum
496 1587 592 1644 Maiae
608 1604 755 1662 coepere3
777 1585 831 1644 sed
845 1586 909 1644 illos

154 1695 324 1761 exspectata
338 1703 421 1760 seges
437 1685 519 1742 vanis
533 1684 618 1742 elusit
632 1683 740 1742 avenis.

153 1784 183 1840 Si
197 1801 266 1840 vero
280 1783 444 1856 viciamque
460 1801 539 1840 seres
553 1781 699 1856 vilemque
715 1782 876 1856 phaselum,

153 1899 209 1938 nec
224 1881 392 1938 Pelusiacae
409 1899 508 1937 curam
522 1879 715 1954 aspernabere
731 1879 824 1951 lentis,

153 1979 233 2038 haud
247 1982 371 2039 obscura
389 1978 499 2037 cadens
514 1980 609 2036 mittet
623 1978 675 2036 tibi
690 1979 773 2054 signa
788 1981 914 2037 Bootes:

152 2079 249 2154 incipe
265 2089 294 2136 et
309 2078 347 2135 ad
362 2077 475 2136 medias
493 2087 655 2135 sementem
671 2077 798 2134 extende
813 2078 939 2153 pruinas.

193 2175 310 2234 Idcirco
324 2177 410 2233 certis
427 2175 593 2233 dimensum
609 2175 738 2251 partibus
753 2175 855 2233 orbem

151 2255 204 2350 per
217 2273 356 2332 duodena
370 2274 442 2348 regit
460 2272 563 2330 mundi
578 2273 621 2330 sol
636 2290 739 2330 aureus
755 2281 839 2331 astra.

151 2373 290 2447 Quinque
305 2381 406 2428 tenent
422 2372 537 2429 caelum
555 2390 666 2445 zonae:
693 2389 816 2445 quarum
831 2390 890 2430 una
903 2390 1028 2431 corusco

150 2488 267 2544 semper
280 2470 341 2527 sole
355 2469 463 2527 rubens
481 2478 510 2526 et
524 2468 633 2526 torrida
648 2486 766 2544 semper
780 2471 818 2528 ab
832 2470 910 2545 igni3

150 2586 238 2642 quam
254 2568 364 2625 circum
379 2577 526 2625 extremae
544 2567 646 2625 dextra
663 2569 803 2642 laevaque
818 2568 969 2625 trahuntur

148 2666 309 2737 caemleae,
324 2665 417 2740 glacie
434 2676 589 2723 concretae
608 2676 695 2740 atque
712 2666 853 2724 imbribus
867 2667 953 2740 atris,

149 2764 200 2821 has
215 2764 289 2820 inter
303 2762 491 2838 mediamque
507 2763 583 2820 duae
603 2764 770 2824 mortalibus
786 2766 878 2841 aegris
925 2819 929 2823 ,

148 2880 269 2919 munere
284 2879 442 2919 concessae
458 2860 567 2933 divom,
583 2871 613 2920 et
631 2864 678 2920 via
693 2874 773 2922 secta
787 2883 839 2940 per
853 2865 963 2937 ambas,

147 2961 283 3034 obliquus
298 2977 401 3034 quase
417 2960 565 3034 signorum
585 2971 710 3020 verteret
725 2963 807 3021 ordo.

149 3056 289 3129 Mundus,
304 3067 337 3114 ut
351 3056 389 3114 ad
404 3057 551 3132 Scythiam
570 3060 779 3135 Riphaeasque
795 3060 902 3119 arduus
916 3078 998 3119 arces

147 3157 304 3230 consurgit,
319 3157 459 3230 premitur
474 3157 583 3232 Libyae
604 3157 733 3216 devexus
749 3159 778 3216 in
793 3162 922 3242 Austros.

148 3253 209 3310 Hic
223 3265 323 3311 vertex
337 3255 423 3312 nobis
441 3275 557 3331 semper
572 3256 721 3327 sublimis,
744 3266 773 3313 at
787 3257 866 3314 illum

147 3353 200 3410 sub
215 3351 341 3426 pedibus
356 3355 425 3430 Styx
441 3364 501 3411 atra
516 3354 596 3430 yidet
613 3356 777 3428 Manesque
793 3354 939 3429 profundi.

147 3450 294 3509 Maximus
310 3452 358 3510 hic
374 3452 449 3511 flexu
466 3452 584 3511 sinuoso
600 3453 722 3510 elabitur
736 3453 846 3528 Anguis

147 3547 257 3607 circum
272 3569 384 3626 perque
400 3549 473 3610 duas
488 3551 518 3608 in
533 3568 645 3609 morem
660 3548 785 3609 fluminis
801 3553 914 3621 Arctos,

146 3647 251 3706 Arctos
267 3647 381 3708 Oceani
396 3657 559 3707 metuentes
575 3665 702 3722 aequore
717 3647 818 3723 tingui.

557 3778 590 3813 Ν
601 3779 717 3824 caerulea.
736 3779 792 3825 Eds.
