2742 4284
162 330 220 376 xm
233 326 294 388 884]
317 315 469 393 Jutuma
486 315 522 376 in
537 314 686 396 Despair
698 315 879 378 Abundans
893 316 954 379 her
964 317 1112 380 Brother.
1156 333 1190 396 15
1197 333 1212 396 5

162 499 307 575 siquando
318 500 409 557 letum
425 499 592 557 horrificum
607 501 785 576 morbosque
800 501 890 560 deum
903 520 955 560 rex

162 599 279 656 molitur
293 597 409 655 meritas
424 606 475 654 aut
489 597 565 654 bello
580 598 691 656 territat
704 599 799 657 urbes.

163 698 277 753 Harum
292 713 382 753 unam
396 695 522 752 celerem
537 695 654 752 demisit
668 697 708 753 ab
721 696 839 754 aethere
854 716 970 756 summo

163 793 296 869 Iuppiter
309 794 399 868 inque
413 810 504 850 omen
520 793 658 851 Iuturnae
673 812 829 852 occurrere
843 795 933 853 iussit.

163 891 217 949 Illa
229 891 308 948 volat
322 891 468 965 celerique
483 889 523 948 ad
536 900 643 948 terram
658 891 774 950 turbine
788 892 885 951 fertur.

164 990 234 1047 Non
248 1007 333 1046 secus
348 1007 384 1045 ac
398 1006 488 1046 nervo
503 1006 556 1064 per
569 989 679 1047 nubem
694 990 820 1065 impulsa
832 991 946 1066 sagitta,

163 1097 302 1145 armatam
317 1087 396 1144 saevi
412 1086 534 1144 Parthus
548 1105 637 1162 quam
652 1087 718 1145 felle
732 1089 847 1160 veneni,

164 1185 285 1243 Parthus
300 1186 359 1242 sive
375 1184 490 1260 Cydon,
506 1186 596 1242 telum
610 1185 838 1258 immedicabile,
852 1188 943 1259 torsit,

162 1282 287 1342 stridens
302 1293 332 1341 et
347 1282 448 1340 celeris
462 1282 612 1358 incognita
625 1284 747 1341 transilit
760 1284 895 1343 umbras:

162 1383 226 1442 talis
241 1399 271 1440 se
286 1392 349 1439 sata
364 1382 461 1438 Nocte
477 1381 542 1439 tulit
555 1389 703 1456 terrasque
718 1382 830 1456 petivit.

164 1483 325 1555 Postquam
340 1479 418 1536 acies
431 1479 512 1536 videt
528 1478 631 1536 Iliacas
645 1489 735 1552 atque
749 1481 867 1555 agmina
879 1480 980 1551 Turni,

163 1577 236 1634 alitis
250 1577 279 1634 in
293 1594 399 1651 parvae
415 1576 539 1634 subitam
554 1577 691 1635 conlecta
703 1578 833 1652 figuram,

163 1692 238 1748 quae
253 1672 404 1747 quondam
419 1675 448 1730 in
463 1675 554 1732 bustis
568 1684 619 1731 aut
633 1675 810 1734 culminibus
825 1677 946 1735 desertis

163 1781 250 1829 nocte
264 1769 372 1828 sedens
387 1789 484 1828 serum
499 1773 578 1830 canit
592 1773 760 1847 importuna
773 1791 826 1849 per
838 1775 964 1846 umbras,
1036 1837 1039 1842 ,

164 1869 240 1927 hanc
253 1888 336 1928 versa
349 1869 380 1926 in
394 1868 500 1926 faciem
515 1869 606 1926 Turni
621 1887 652 1927 se
668 1870 758 1944 pestis
772 1871 875 1929 obora

163 1969 275 2043 fertque
290 1968 435 2042 refertque
450 1985 557 2026 sonans
573 1968 760 2043 clipeumque
775 1969 924 2028 everberat
937 1970 998 2028 alis.

164 2065 221 2125 Olli
235 2066 367 2123 membra
382 2083 474 2123 novus
488 2065 573 2122 solvit
588 2064 744 2123 formidine
758 2076 866 2142 torpor,

163 2163 358 2238 adrectaeque
372 2163 490 2221 horrore
506 2181 619 2234 comae,
635 2173 664 2221 et
677 2182 736 2222 vox
748 2164 880 2224 faucibus
895 2166 995 2224 haesit.
1017 2176 1020 2182 “

163 2265 201 2319 At
214 2262 317 2338 procul
332 2272 363 2318 ut
378 2261 467 2318 Dirae
482 2261 635 2320 stridorem
650 2260 790 2337 adgnovit
804 2271 835 2319 et
847 2263 916 2334 alas,

163 2359 260 2417 infelix
275 2359 362 2416 crinis
376 2357 484 2416 scindit
500 2359 620 2416 Iuturna
634 2359 753 2428 solutos,

163 2457 309 2533 unguibus
323 2475 375 2514 ora
387 2475 470 2514 soror
484 2455 606 2514 foedans
621 2470 651 2514 et
665 2465 787 2531 pectora
799 2458 924 2532 pugnis:

163 2553 263 2629 ‘Quid
275 2573 354 2613 nunc
369 2565 398 2612 te
413 2565 472 2621 tua,
489 2554 597 2624 Turne,
613 2563 712 2628 potest
725 2571 866 2629 germana
880 2555 999 2612 iuvare?

163 2657 221 2711 Aut
234 2652 305 2728 quid
320 2653 377 2710 iam
392 2652 482 2710 durae
498 2660 614 2728 superat
628 2651 721 2709 mihi?
761 2651 829 2726 Qua
843 2652 895 2711 tibi
909 2653 1006 2711 lucem

162 2762 222 2809 arte
238 2752 354 2809 morer?
394 2751 478 2808 Talin
492 2767 613 2825 possum
629 2767 676 2806 me
691 2768 844 2826 opponere
859 2753 1011 2809 monstro?

163 2851 227 2907 Iam
241 2850 299 2907 iam
313 2849 414 2924 linquo
430 2849 515 2906 acies.
560 2847 607 2905 Ne
623 2867 671 2906 me
686 2858 790 2906 terrete
805 2849 966 2920 timentem,

161 2948 308 3006 obscenae
322 2948 472 3006 volucres:
496 2946 605 3005 alarum
618 2947 739 3005 verbera
752 2966 845 3005 nosco

160 3045 336 3120 letalemque
351 3064 467 3116 sonum,
481 3062 538 3104 uec
553 3045 654 3103 fallunt
667 3044 744 3102 iussa
758 3046 883 3120 superba

162 3144 338 3218 magnanimi
355 3144 440 3200 lovis.
486 3144 571 3200 Haec
588 3160 641 3218 pro
656 3143 818 3217 virginitate
833 3145 970 3219 reponit?

163 3241 231 3314 Quo
245 3242 334 3298 vitam
349 3238 431 3296 dedit
446 3240 615 3298 aeternam?
657 3240 717 3298 Cur
731 3241 830 3298 mortis
844 3241 1010 3317 ademptast

162 3337 321 3395 condicio?
365 3338 485 3395 Possem
500 3347 596 3396 tantos
609 3338 693 3395 finire
707 3338 824 3396 dolores

161 3454 240 3494 nunc
255 3445 335 3494 certe
350 3445 379 3492 et
395 3435 500 3494 misero
515 3436 592 3494 fratri
606 3455 708 3494 comes
722 3437 763 3494 ire
777 3455 831 3512 per
843 3439 980 3497 umbras!

162 3535 336 3593 Immortalis
352 3535 429 3610 ego?
469 3535 528 3592 Aut
541 3535 700 3610 quicquam
714 3535 785 3592 mihi
800 3534 886 3593 dulce
901 3555 1033 3595 meorum

161 3643 189 3690 te
205 3631 276 3704 sine,
291 3632 384 3703 frater,
400 3632 474 3690 erit?
515 3632 543 3692 Ο
558 3650 634 3707 quae
649 3633 718 3690 satis
732 3633 792 3690 ima
806 3632 939 3691 dehiscet

160 3739 236 3787 terra
250 3729 321 3788 mihi
336 3729 492 3805 Manisque
508 3729 595 3788 deam
611 3729 746 3788 demittet
758 3729 798 3788 ad
813 3731 925 3788 imos?'

288 3858 322 3894 ⁸⁸⁸
332 3861 388 3905 alta.
406 3860 462 3905 Eds.
499 3859 609 3905 deliram
625 3859 682 3904 Eds.
857 3859 892 3892 ⁸⁸⁴
901 3860 1015 3906 demittat.
1031 3858 1087 3907 Eds.
