2742 4284
155 283 195 344 88
360 279 478 343 Pallas
500 279 599 342 Aims
621 289 658 342 at
685 278 716 341 Τ
712 301 816 342 urnur
840 279 875 342 in
901 279 991 344 Vain.
1082 289 1205 353 [AEnsrn.

154 478 182 525 te
197 485 311 542 precor,
326 466 439 540 Alcide,
455 467 567 542 coeptis
582 466 749 542 ingentibus
762 466 849 526 adsis.

154 565 263 624 Cernat
277 565 418 623 semineci
433 565 486 624 sibi
502 583 549 623 me
564 583 667 641 rapere
682 583 764 623 arma
776 575 896 624 cruenta

153 664 352 738 victoremque
368 664 460 721 ferant
475 663 627 720 morientia
643 663 753 721 lumina
766 664 875 722 Tumi’

153 761 253 820 Audiit
268 761 385 820 Alcides
400 762 535 820 iuvenem
551 779 748 836 magnumque
764 762 817 819 sub
832 761 891 819 imo

154 859 243 918 corde
258 861 363 936 premit
378 859 519 935 gemitum
535 859 724 933 lacrimasque
741 858 863 917 effundit
878 860 980 918 inanis.

153 961 229 1016 Tum
244 959 367 1017 Genitor
381 967 481 1015 natum
497 957 582 1014 dictis
596 956 711 1015 adfatur
723 958 842 1015 amicis:

154 1058 232 1116 ‘Stat
246 1076 298 1114 sua
312 1057 417 1130 cuique
434 1056 505 1127 dice,
521 1057 608 1114 breve
623 1066 652 1113 et
667 1055 856 1131 inreparabile
871 1065 985 1131 tempus

154 1156 289 1214 omnibus
304 1164 348 1213 est
362 1156 456 1212 vitae:
479 1154 533 1212 sed
549 1155 655 1212 famam
671 1153 831 1212 extendere
846 1155 937 1224 factis

154 1255 211 1312 hoc
225 1255 334 1312 virtutis
349 1272 432 1329 opus.
475 1253 580 1310 Troiae
595 1253 650 1310 sub
665 1253 818 1310 moenibus
833 1253 895 1308 altis

153 1362 197 1411 tot
211 1353 270 1410 nati
285 1352 419 1410 cecidere
434 1352 524 1410 deum
532 1372 541 1424 ;
563 1352 633 1426 quin
648 1351 759 1409 occidit
772 1369 831 1408 una

154 1447 314 1526 Sarpedon,
330 1469 396 1508 mea
410 1450 573 1526 progenies.
618 1451 715 1508 Etiam
730 1469 783 1507 sua
796 1451 927 1507 Turnum

153 1551 211 1608 fata
224 1559 340 1622 vocant,
357 1559 507 1623 metasque
523 1548 584 1606 dati
600 1549 733 1623 pervenit
746 1548 784 1605 ad
798 1547 881 1605 aevi!

154 1649 201 1707 Sic
215 1649 254 1706 ait
269 1658 356 1723 atque
372 1648 473 1705 oculos
489 1648 662 1704 Rutulorum
678 1647 761 1704 reicit
774 1646 858 1703 arvis,

153 1749 192 1805 At
206 1747 298 1804 Pallas
313 1746 424 1821 magnis
440 1745 544 1803 emittit
558 1745 665 1803 viribus
682 1746 794 1802 hastam

153 1845 315 1919 vaginaque
331 1863 402 1902 cava
415 1844 575 1920 fulgentem
592 1843 699 1919 deripit
713 1861 822 1900 ensem.

154 1944 208 2000 Illa
221 1943 321 2001 volans
337 1944 427 2000 umeri
443 1952 563 2018 surgunt
579 1962 636 2017 qua
651 1942 779 2017 tegmina
793 1961 906 2000 summa

153 2039 256 2098 incidit
270 2050 357 2115 atque
371 2042 448 2099 viam
460 2041 549 2116 'clipei
566 2042 664 2098 molita
680 2059 810 2115 peroras

154 2138 274 2197 tandem
290 2139 379 2196 etiam
393 2158 501 2214 magno
516 2139 628 2196 strinxit
643 2139 680 2196 de
697 2157 819 2214 corpore
833 2139 935 2196 Turni.

99 2276 104 2290 .
155 2235 216 2293 Hic
229 2237 344 2294 Turnus
360 2237 434 2294 ferro
449 2237 610 2312 praefixum
626 2237 715 2294 robur
729 2247 816 2294 acuto
831 2273 845 2297 .

154 2335 184 2391 in
199 2334 329 2391 Pallanta
343 2333 392 2392 diu
407 2335 513 2393 librans
528 2335 596 2392 iacit
611 2346 699 2409 atque
714 2337 754 2393 ita
768 2336 859 2394 fatur:

155 2430 311 2507 ‘Adspice,
326 2451 398 2490 num
413 2452 497 2508 mage
513 2435 549 2492 sit
563 2445 694 2492 nostrum
709 2434 886 2510 penetrabile
901 2434 1009 2492 telum)

155 2530 294 2602 Dixerat;
316 2540 345 2588 at
360 2531 496 2606 clipeum,
514 2542 555 2590 tot
571 2533 636 2589 ferri
651 2541 740 2608 terga,
756 2542 799 2590 tot
813 2532 895 2604 aeriS,

155 2645 244 2702 quem
258 2629 339 2703 pellis
353 2630 460 2687 totiens
476 2630 563 2688 obeat
578 2630 760 2688 circumdata
773 2632 854 2701 tauri,

154 2725 277 2782 vibranti
292 2727 388 2801 cuspis
404 2727 534 2785 medium
550 2730 760 2787 transverberat
774 2729 833 2787 ictu

154 2823 320 2897 loricaeque
336 2843 431 2882 moras
446 2836 476 2883 et
491 2836 594 2900 pectus
609 2828 736 2901 perforat
750 2828 860 2904 ingena

156 2920 209 2977 Ille
223 2920 297 2995 rapit
312 2921 440 2980 calidum
455 2923 558 2982 fmstra
572 2924 610 2982 de
624 2926 742 2983 volnere
757 2926 864 2985 telum:

155 3035 215 3074 una
229 3017 392 3093 eademque
407 3021 452 3078 via
467 3022 583 3096 sanguis
598 3023 769 3098 animusque
784 3033 952 3098 sequuntur.

156 3115 271 3174 Corruit
285 3116 315 3173 in
329 3117 440 3190 volnus,
457 3119 585 3178 sonitum
601 3139 689 3196 super
702 3141 782 3179 arma
796 3121 905 3179 dedere

157 3222 186 3270 et
200 3221 305 3271 terram
321 3215 455 3274 hostilem
470 3219 597 3276 moriens
612 3220 685 3294 petit
699 3239 750 3277 ore
766 3229 895 3278 cruento.

158 3310 256 3384 Quem
270 3313 385 3371 Turnus
402 3333 488 3390 super
503 3316 653 3389 adsistenS,

158 3411 166 3439 ‘
175 3409 314 3482 Arcades,
331 3410 423 3483 haec‚'
439 3413 540 3489 inquit,
557 3418 723 3474 ‘memores
739 3435 804 3474 mea
818 3417 897 3475 dicta
911 3417 1013 3474 referte

159 3507 317 3580 Euandr03
340 3510 455 3583 qualem
471 3513 583 3583 meruit,
600 3513 728 3570 Pallanta
741 3515 866 3572 remitto.

159 3605 298 3679 Quisquis
313 3607 407 3666 honos
421 3610 532 3682 tumuli,
550 3609 694 3685 quidquid
709 3612 840 3670 solamen
855 3612 996 3670 humandi
1012 3622 1064 3683 est,

273 3752 307 3784 ⁴⁶⁵
322 3755 411 3811 effudit.
433 3755 465 3801 rr.
634 3756 667 3789 ⁴⁷⁶
682 3758 793 3804 aunum.
814 3759 847 3804 H.
934 3757 968 3789 ⁴⁸³
983 3773 1041 3804 cum.
1062 3759 1095 3804 H.

274 3825 307 3857 4⁸4
323 3827 425 3870 medium
436 3830 517 3885 cuspis.
534 3831 590 3876 Eds.
936 3830 970 3864 4⁸⁶
984 3837 1087 3889 corpore.
1108 3830 1137 3878 K
