2742 4284
133 317 166 365 X.
180 316 252 380 392]
403 305 529 368 Heroes
551 305 631 368 Fall
649 327 691 368 on
713 305 800 368 Both
824 305 930 370 Sides.

133 511 248 568 anceps
263 511 365 568 pugna
379 492 439 562 diu,
455 501 531 550 stant
546 492 653 550 obnixa
667 493 769 550 omnia
783 502 904 551 contra:

134 590 217 648 haud
231 591 315 648 aliter
328 590 472 648 Troianae
487 590 566 648 acies
582 590 720 666 aciesque
736 591 857 648 Latinae

53 699 60 710 ·
134 698 338 759 concununt;
360 687 460 745 haeret
474 687 553 762 pede
569 705 622 763 pes
638 687 806 764 densusque
821 688 882 746 viro
896 688 946 746 vir.

175 789 215 843 At
229 796 313 861 parte
329 803 366 842 ex
381 785 445 855 alia,
464 802 523 860 qua
536 803 606 844 saxa
620 786 748 844 rotantia
760 786 818 844 late

134 884 292 959 impulerat
307 893 419 940 torrens
433 883 609 959 arbustaque
624 882 721 941 diruta
734 883 812 958 ripis,

135 981 268 1040 Arcadas
284 982 414 1038 insuetos
428 981 507 1038 acies
523 981 626 1039 inferre
641 981 784 1057 pedestris

134 1093 167 1141 ut
181 1083 257 1141 vidit
272 1082 365 1140 Pallas
382 1081 466 1140 Latio
481 1081 552 1140 dare
566 1091 647 1158 terga
661 1084 780 1158 sequaci

140 1181 262 1258 (aspera
276 1181 341 1254 quis
356 1190 457 1238 natura
472 1180 529 1238 loci
544 1179 691 1238 dimittere
705 1181 826 1256 quando

135 1279 226 1337 suasit
242 1277 364 1354 equos),
380 1297 471 1336 unum
488 1277 571 1352 quod
587 1278 673 1336 rebus
686 1288 775 1336 restat
789 1279 898 1355 egenis,

134 1395 217 1435 nunc
231 1393 331 1452 prece,
347 1393 425 1432 nunc
441 1375 527 1434 dictis
543 1376 677 1433 virtutem
693 1376 833 1434 accendit
845 1377 968 1434 amaris:

135 1475 226 1549 ‘Quo
240 1474 348 1548 fugitis,
363 1473 457 1531 socii?
500 1475 556 1530 Per
569 1490 621 1531 vos
636 1483 666 1530 et
679 1473 765 1531 fortia
779 1474 863 1544 facta,

134 1590 190 1648 per
204 1571 289 1630 ducis
305 1570 434 1628 Evandri
448 1588 559 1628 nomen
575 1571 749 1648 devictaque
767 1573 843 1630 bella

135 1671 298 1746 Opemque
313 1685 419 1739 meam,
435 1669 545 1743 patriae
563 1687 638 1744 quae
655 1689 734 1727 nunc
749 1671 826 1728 subit
840 1671 954 1728 aemula
968 1668 1055 1740 laudi,

135 1768 219 1826 fidite
234 1784 272 1824 ne
287 1765 421 1841 pedibus.
466 1767 555 1824 Ferro
572 1767 738 1842 rumpenda
751 1785 804 1843 per
817 1768 908 1826 hostis

135 1876 182 1924 est
196 1867 251 1922 via.
296 1864 364 1938 Qua
378 1865 482 1940 globus
497 1865 544 1921 ille
559 1865 653 1922 virum
668 1865 857 1924 densissimus
871 1876 962 1940 urget,

135 1965 194 2022 hac
207 1981 260 2020 vos
276 1972 305 2018 et
320 1962 450 2019 Pallanta
465 1961 573 2020 ducem
589 1963 683 2038 patria
697 1964 754 2021 alta
768 1963 903 2038 reposcit.

135 2062 271 2120 Numina
285 2060 363 2118 nulla
376 2071 522 2135 premunt,
539 2061 652 2119 mortali
667 2079 803 2136 urgemur
815 2063 853 2119 ab
867 2061 951 2118 hoste

135 2158 284 2228 mortales,
300 2156 424 2215 totidem
438 2159 523 2217 nobis
539 2159 713 2233 animaeque
727 2176 898 2233 manusque.

136 2259 231 2327 Ecce,
247 2257 333 2312 man's
347 2274 455 2332 magna
469 2256 579 2314 claudit
593 2275 647 2314 nos
663 2257 750 2315 obice
765 2267 881 2332 pontus,

135 2355 224 2414 deest
237 2353 296 2411 iam
311 2364 386 2411 terra
399 2354 504 2430 fugae:
526 2355 647 2430 pelagus
661 2355 818 2412 Troiamne
833 2356 1003 2429 petemus?'

136 2454 228 2511 Haec
242 2451 282 2509 ait
297 2462 326 2509 et
342 2451 455 2510 medius
472 2452 581 2510 densos
595 2452 759 2528 prorumpit
774 2453 803 2508 in
819 2451 919 2510 hostis.

136 2551 252 2610 Obvius
267 2550 336 2607 huic
350 2550 485 2625 primum,
501 2550 565 2608 fatis
580 2549 727 2608 adductus
742 2550 856 2624 iniquis,

135 2649 171 2707 lit
186 2649 291 2724 Lagus.
337 2649 435 2720 Hunc,
451 2665 559 2723 magno
573 2648 651 2705 vellit
665 2647 737 2705 dum
751 2648 884 2722 pondere
899 2668 1010 2720 saxum,

135 2747 247 2804 intorto
262 2745 323 2821 figit
338 2745 405 2816 telo,
421 2745 588 2804 discrimina
603 2747 691 2804 costis

107 2887 109 2892 ,
136 2862 192 2920 per
205 2843 337 2901 medium
353 2861 412 2918 qua
425 2845 509 2919 spina
523 2843 621 2914 dabat,
637 2844 809 2919 hastamque
824 2855 956 2920 receptat

136 2942 253 3018 ossibus
268 2936 447 2999 haerentem.
491 2941 588 3016 Quem
603 2960 664 3000 non
678 2960 766 3017 super
779 2954 907 3018 occupat
922 2945 1028 3015 Hisbo,

137 3040 185 3097 ille
200 3039 322 3114 quidem
337 3039 394 3097 hoc
410 3057 547 3115 sperans:
571 3059 640 3098 nam
655 3041 748 3098 Pallas
763 3051 832 3098 ante
845 3052 989 3113 ruentem,

138 3137 212 3196 dum
227 3138 302 3209 furit,
319 3139 468 3196 incautum
484 3138 595 3196 crudeli
610 3148 705 3197 morte
719 3137 828 3197 sodalis

138 3236 250 3310 excipit
264 3245 352 3310 atque
368 3255 470 3295 ensem
484 3236 598 3294 tumido
612 3237 643 3294 in
658 3236 798 3311 pulmone
812 3237 957 3297 recondit,

139 3334 224 3392 Hinc
239 3333 390 3392 Sthenium
404 3336 477 3410 petit
491 3346 521 3393 et
536 3335 644 3394 Rhoeti
659 3335 699 3394 de
713 3345 801 3412 gente
814 3347 927 3395 vetusta

138 3431 365 3503 Anchemolum,
381 3433 523 3492 thalamos
538 3453 639 3493 ausum
655 3435 799 3492 incestare
813 3452 966 3494 novercae.
1061 3427 1065 3432 ’

137 3532 200 3588 Vos
215 3531 314 3603 etiam,
329 3531 447 3607 gemini,
464 3533 578 3590 Rutulis
594 3532 742 3591 cecidistis
756 3533 786 3589 in
800 3533 884 3607 agris,

139 3628 265 3700 Daucia,
281 3628 386 3686 Laride
400 3629 618 3705 Thymberque,
634 3630 779 3689 simillima
792 3630 898 3706 proles,

138 3724 298 3783 indiscreta
312 3726 370 3784 suis
384 3737 540 3802 gratusque
555 3729 725 3803 parentibus
740 3746 839 3803 error;

591 3857 626 3891 ⁸7⁸
641 3857 698 3905 dest.
719 3859 748 3905 R.
777 3848 780 3852 ⁴
