2742 4284
158 321 206 369 IX.
219 319 292 385 μὰ]
513 309 684 391 Euryalus
708 309 737 371 is
764 307 871 372 Slain.

157 497 315 554 observata
330 495 401 571 legit
414 495 570 570 dumisque
585 495 737 553 silentibus
752 504 836 552 errat.

157 593 251 652 Audit
265 609 368 668 equos,
384 592 465 651 audit
480 593 615 668 strepitus
630 602 660 650 et
674 592 758 667 signa
772 601 955 668 sequentum.

158 693 226 750 Nec
241 692 362 766 longum
377 691 407 748 in
422 688 522 749 medio
537 700 660 766 tempus,
675 709 744 747 cum
760 691 870 748 clamor
884 691 922 749 ad
935 691 1012 748 auris

156 789 293 866 pervenit
307 808 343 846 ac
358 787 438 846 videt
455 788 621 863 Euryalum,
637 805 728 862 quem
743 787 800 845 iam
815 806 919 846 manus
933 788 1027 846 onmis

155 887 260 946 fraude
274 887 332 944 loci
347 897 377 944 et
392 886 496 957 noctis,
510 885 607 943 subito
623 885 757 943 turbante
773 886 908 956 tumultu,

155 1003 332 1061 oppressum
346 985 420 1060 rapit
435 993 464 1044 et
481 993 640 1042 conantem
656 983 781 1058 plurima
797 982 907 1042 frustra.

154 1083 239 1158 Quid
254 1083 361 1140 saciat?
393 1081 461 1156 Qua
475 1082 503 1140 vi
520 1082 666 1153 iuvenem,
681 1081 787 1156 quibus
801 1081 909 1139 audeat
922 1081 1009 1140 armis

155 1182 291 1256 eripere?
330 1183 375 1238 An
390 1199 454 1238 sese
473 1180 588 1238 medios
604 1180 760 1238 moriturus
773 1180 804 1236 in
818 1198 904 1237 enses

154 1279 260 1337 inserat
275 1289 304 1336 et
318 1278 470 1354 pulchram
488 1287 625 1354 properet
640 1295 693 1354 per
707 1278 826 1335 volnera
839 1279 986 1336 mortem?
1079 1279 1083 1285 ’

154 1377 249 1437 Ocius
263 1376 395 1434 adducto
411 1385 551 1451 torquens
568 1376 670 1434 hastile
686 1377 803 1446 lacerto,

153 1475 318 1550 suspiciens
334 1474 422 1532 altam
438 1475 552 1532 Lunam
570 1475 612 1532 sic
627 1492 701 1533 voce
715 1485 868 1548 precatur:

154 1575 230 1644 ‘Tu,
247 1572 312 1644 dea,
327 1582 357 1630 tu
375 1590 511 1648 praesens
529 1582 630 1631 nostro
645 1591 782 1632 succurre
796 1573 897 1645 labori,

153 1682 297 1730 astrorum
311 1669 404 1728 decus
419 1680 449 1728 et
464 1688 618 1753 nemorum
635 1671 759 1729 Latonia
773 1680 883 1729 custos.

152 1757 244 1844 Siqua
258 1769 314 1826 tuis
329 1785 468 1842 umquam
485 1786 538 1843 pro
554 1787 602 1826 me
617 1779 701 1844 pater
716 1769 864 1844 Hyrtacus
879 1769 934 1826 aris

152 1867 235 1926 dona
248 1866 322 1936 tulit,
337 1867 420 1940 siqua
433 1866 496 1941 ipse
514 1867 586 1924 meis
602 1867 754 1924 venatibus
768 1867 835 1924 auxi

151 1964 330 2040 suspendive
344 1963 428 2022 tholo
443 1973 493 2022 aut
508 1983 589 2022 sacra
604 1963 642 2022 ad
658 1965 771 2040 fastigia
784 1965 852 2022 fixi:

152 2063 233 2120 hunc
248 2062 310 2120 sine
326 2079 373 2119 me
389 2062 505 2120 turbare
521 2062 643 2138 globum
659 2072 689 2120 et
703 2079 772 2137 rege
787 2063 845 2119 tela
859 2080 912 2137 per
925 2063 1028 2120 auras.'

152 2161 283 2232 Dixerat,
299 2169 329 2218 et
342 2169 406 2218 toto
422 2161 545 2218 conixus
562 2178 685 2235 corpore
701 2160 806 2218 serrum

151 2258 280 2316 conicit:
305 2258 387 2315 hasta
402 2259 502 2317 volans
518 2259 612 2315 noctis
628 2257 792 2316 diverberat
807 2258 924 2316 umbras

150 2366 180 2414 et
195 2357 276 2414 venit
290 2356 381 2414 aversi
395 2355 424 2413 in
441 2365 554 2432 tergum
572 2355 718 2414 Sulmonis
733 2355 830 2430 ibique

149 2453 291 2529 frangitur
304 2454 339 2511 a'c
353 2454 421 2512 fisso
437 2454 538 2511 transit
553 2452 728 2529 praecordia
742 2455 831 2529 ligno.

148 2551 282 2609 Volvitur
296 2551 342 2609 ille
359 2569 481 2609 vomens
498 2551 627 2609 calidum
642 2551 681 2609 de
696 2561 817 2626 pectore
833 2552 942 2610 flumen

148 2647 270 2724 frigidus
285 2659 315 2706 et
329 2649 422 2724 longis
439 2649 611 2724 singultibus
628 2649 675 2706 ilia
689 2650 792 2724 pulsat.

150 2747 266 2806 Diversi
279 2747 529 2823 circumspiciunt.
576 2749 646 2806 Hoc
661 2749 756 2806 acrior
770 2748 849 2806 idem

148 2863 223 2904 ecce
238 2844 316 2903 aliud
331 2864 445 2904 summa
461 2846 551 2904 telum
568 2847 690 2904 librabat
705 2848 743 2905 ab
758 2867 835 2905 aure.

148 2945 232 3003 Dum
247 2943 402 3018 trepidant,
418 2944 439 3001 it
456 2944 539 3002 hasta
555 2946 639 3020 Tago
653 2963 706 3020 per
722 2956 838 3021 tempus
852 2955 1007 3021 utrumque

146 3040 275 3101 stridens
289 3042 469 3117 traiectoque
487 3043 580 3101 haesit
597 3045 745 3118 tepefacta
758 3046 888 3104 cerebro.

146 3139 247 3200 Saevit
261 3150 343 3199 atrox
356 3140 485 3198 Volcens
502 3159 558 3198 nec
576 3143 625 3200 teli
642 3143 787 3218 conspicit
801 3162 924 3218 usquam

146 3248 301 3296 auctorem
315 3255 372 3295 nec
387 3257 447 3313 quo
463 3258 494 3297 se
512 3240 618 3299 ardens
635 3242 781 3299 inmittere
796 3242 896 3317 possit.

147 3337 214 3394 ‘Tu
228 3345 327 3394 tamen
341 3337 453 3395 interea
468 3338 565 3398 calido
583 3339 653 3397 mihi
670 3339 810 3414 sanguine
826 3358 937 3414 poenas

147 3433 297 3510 persolves
311 3435 486 3507 amborum,’
503 3437 616 3511 inquit3
639 3436 725 3495 simul
740 3455 811 3494 ense
825 3437 939 3495 recluso

146 3532 210 3590 ibat
224 3531 254 3588 in
269 3533 437 3608 Euryalum.
479 3535 557 3592 Tum
571 3553 641 3592 vero
657 3535 817 3605 exterritus,
832 3553 934 3593 amens

147 3629 315 3689 conclamat
332 3631 430 3702 NisuS,
446 3648 503 3690 nec
518 3651 549 3690 se
564 3633 659 3690 celare
676 3634 803 3692 tenebris

147 3728 273 3803 amplius
289 3738 338 3786 aut
351 3738 466 3787 tantum
481 3731 576 3804 potuit
590 3731 716 3804 perferre
732 3729 874 3790 dolorem.

208 3856 240 3890 4⁰⁰
256 3859 338 3904 altunu
360 3858 388 3904 R.
480 3858 514 3891 ⁴1²
530 3860 632 3904 adversi.
655 3860 714 3906 Mss.
744 3860 842 3906 obversi.
865 3861 893 3907 R.
986 3858 1020 3893 ⁴¹¹
1035 3859 1071 3903 iit.
1092 3859 1149 3903 Eds.
