2742 4284
137 334 283 403 V11.415.]
435 323 465 386 T
460 323 500 385 lte
523 322 610 402 Fury
636 320 737 383 Visits
767 319 903 383 Turnus.

136 512 324 588 inpubesque
339 528 453 580 manus,
468 509 570 576 mirata
584 506 710 565 volubile
725 506 854 576 buxum3

136 610 209 669 dant
226 609 340 667 animos
354 608 475 684 plagae:
498 624 558 663 non
574 623 658 662 cursu
674 605 790 679 segnior
803 603 852 662 illo

133 728 189 786 per
204 707 317 766 medias
334 707 420 765 urbes
435 706 528 779 agitur
541 703 725 780 populosque
741 702 862 761 seroces.

135 805 321 882 Quinetiam
337 805 367 862 in
384 803 477 874 silvas,
493 801 626 860 simulato
641 801 761 858 numine
777 799 894 871 Bacchi,

134 907 230 964 maius
244 904 348 963 adorta
363 901 444 959 nefas
461 901 659 974 maioremque
674 917 741 956 orsa
755 900 880 956 furorem

134 1004 233 1061 evolat
246 1011 276 1060 et
290 1010 390 1059 natam
407 997 552 1056 frondosis
569 997 715 1054 montibus
729 996 820 1066 abdit,

134 1119 196 1176 quo
211 1100 370 1158 thalamum
387 1098 489 1173 eripiat
506 1097 627 1154 'l‘eucris
642 1096 803 1171 taedasque
817 1106 954 1166 moretur,

136 1198 244 1256 Euhoe
260 1197 387 1267 Bacche,
406 1196 541 1266 fremens,
561 1196 655 1253 solum
670 1204 700 1252 te
714 1195 823 1269 virgine
838 1194 959 1270 dignum

132 1295 308 1365 vociferans
325 1294 434 1352 etenim
453 1293 547 1352 mollis
564 1294 616 1352 tibi
631 1311 745 1350 sumere
760 1292 882 1367 thyrsos,
974 1290 978 1299 '

134 1403 166 1451 te
180 1393 300 1450 lustrare
316 1392 417 1463 choro,
440 1409 555 1449 sacrum
572 1390 622 1450 tibi
638 1409 759 1466 pascere
774 1392 892 1449 crinem.

136 1492 230 1549 Fama
242 1490 329 1560 volat,
350 1489 486 1564 furiisque
504 1507 644 1547 accensas
658 1499 778 1564 pectore
793 1500 899 1547 matres

135 1587 218 1646 idem
234 1588 330 1645 omnis
348 1587 431 1644 simul
447 1586 534 1644 ardor
548 1588 606 1662 agit
621 1605 697 1644 nova
712 1604 851 1662 quaerere
865 1597 961 1644 tecta:

136 1684 292 1743 deseruere
309 1684 423 1755 domos,
443 1685 536 1742 ventis
552 1683 624 1741 dant
639 1683 713 1741 colla
727 1701 895 1760 comasque,

135 1792 182 1841 ast
196 1782 268 1840 aliae
283 1783 411 1840 tremulis
431 1782 585 1842 ululatibus
601 1782 720 1840 aethera
734 1782 894 1856 complent,

135 1881 369 1957 pampineasque
389 1889 492 1955 gerunt
509 1879 654 1937 incinctae
669 1880 793 1955 pellibus
808 1861 923 1953 hastas;

135 1980 202 2054 ipsa
216 1979 290 2035 inter
308 1977 420 2036 medias
437 1976 607 2053 flagrantem
624 1976 734 2035 fervida
747 1979 850 2053 pinum

135 2075 261 2134 sustinet
275 2094 310 2132 ac
328 2085 412 2132 natae
429 2076 579 2150 Turnique
594 2076 673 2133 canit
688 2076 876 2152 hymenaeos,

135 2174 330 2248 sanguineam
347 2182 486 2248 torquens
501 2173 605 2242 aciem,
621 2184 794 2250 torvumque
808 2186 930 2250 repente

136 2271 263 2328 clamat:
288 2272 342 2328 ‘Io
359 2280 475 2341 matres,
495 2271 603 2342 audite,
619 2272 668 2331 ubi
684 2291 829 2347 quaeque,
846 2274 985 2332 latinae:

137 2369 223 2442 siqua
236 2367 292 2441 piis
308 2368 412 2426 animis
429 2378 529 2426 manet
545 2369 666 2427 infelicis
682 2373 803 2428 Amatae

136 2467 239 2540 gratia,
254 2465 278 2524 si
295 2465 364 2524 iuris
384 2467 506 2526 materni
522 2484 592 2523 cura
606 2467 764 2539 remordet,

136 2564 240 2622 solvite
256 2563 370 2622 crinalis
389 2564 483 2635 vittas,
501 2564 597 2639 capite
612 2566 692 2640 orgia
707 2569 843 2625 mecum!

136 2661 243 2719 Talem
257 2661 332 2719 iuter
347 2662 441 2732 silvas,
460 2662 534 2719 inter
548 2660 663 2720 deserta
677 2665 810 2733 ferarum,

136 2759 270 2833 reginam
287 2759 401 2817 Allecto
421 2759 542 2817 stimulis
560 2761 618 2834 agit
634 2761 763 2836 undique
779 2763 896 2821 Bacchi.

180 2858 338 2931 Postquam
356 2857 416 2914 visa
431 2857 499 2915 satis
517 2859 626 2932 primos
641 2858 754 2916 acuisse
769 2860 878 2920 furores

136 2953 353 3030 consiliumque
373 2973 551 3030 omnemque
569 2955 688 3014 domum
704 2958 821 3015 vertisse
838 2959 941 3028 Latini,

137 3053 269 3126 protinus
285 3052 355 3110 hinc
374 3053 461 3111 fuscis
480 3054 566 3112 tristis
581 3053 638 3112 dea
650 3055 758 3112 tollitur
771 3056 822 3113 alis

137 3147 258 3207 audacis
275 3151 375 3208 Rutuli
393 3151 430 3209 ad
449 3171 556 3222 muros,
573 3171 661 3226 quam
677 3152 783 3209 dicitur
797 3153 897 3211 urbem

137 3247 316 3305 Acrisioneis
336 3233 439 3307 Danae
456 3249 593 3309 fundasse
609 3251 731 3321 colonis,

137 3345 291 3420 praecipiti
309 3345 405 3405 delata
420 3357 500 3405 noto
545 3349 642 3406 Locus
657 3347 755 3406 Ardea
769 3349 917 3424 quondam

137 3442 235 3501 dictus
252 3446 321 3514 avis,
340 3455 369 3502 et
383 3463 462 3502 nunc
479 3464 618 3521 magnum
635 3455 735 3504 manet
749 3445 846 3504 Ardea
860 3465 978 3519 nomen,

137 3539 192 3599 sed
203 3542 319 3600 fortuna
329 3542 401 3614 fuit;
421 3543 505 3600 tectis
521 3543 568 3601 hic
583 3545 698 3602 Turnus
714 3545 744 3601 in
759 3545 821 3602 altis

137 3641 198 3696 iam
216 3637 346 3696 mediam
360 3640 442 3716 nigra
456 3642 595 3716 carpebat
610 3652 697 3700 nocte
712 3644 850 3717 quietem.

141 3735 258 3795 Allecto
273 3745 384 3795 torvam
399 3737 505 3796 faciem
521 3750 549 3795 et
565 3739 675 3796 furialia
689 3741 822 3800 membra

342 3864 572 3926 ³⁹⁶‘Transposed
594 3869 622 3914 R.
796 3869 954 3929 mmm.
970 3872 1003 3916 H·
