2742 4284
134 265 246 328 x1.17s.]
337 253 499 316 Evander
518 252 674 316 Receives
696 253 765 316 His
788 256 890 318 Dead
909 256 986 319 Son.
1127 271 1186 334 107

133 441 244 500 Contra
257 440 342 499 turba
357 439 504 516 Phrygum
517 439 638 498 veniens
653 439 821 516 plangentia
835 441 926 517 iungit
1145 451 1186 496 145

131 538 258 614 agmina.
302 538 386 613 Quae
402 547 560 613 postquam
574 547 681 596 matres
696 537 857 596 succedere
872 538 957 596 tectis

130 634 276 707 viderunt,
292 645 433 694 maestam
448 634 611 693 incendunt
625 635 801 694 clamoribus
815 637 927 695 urbem.

130 735 170 791 At
183 751 246 790 non
263 731 431 790 Evandrum
447 733 523 808 potis
538 742 581 790 est
595 732 638 790 vis
653 732 711 790 ulla
725 743 835 806 tenere,

130 830 184 888 sed
199 830 323 888 venitin
339 829 462 888 medios.
505 831 625 889 Feretro
642 830 772 888 Pallanta
785 840 904 906 reposto

129 928 289 1004 procubuit
303 945 390 1003 super
404 937 492 1002 atque
508 928 607 986 haeret
622 929 838 1004 lacrimansque
854 947 1042 1005 gemensque,
1142 941 1185 986 ¹5⁰

129 1037 160 1084 et
173 1026 222 1082 via
235 1025 284 1082 vix
297 1024 419 1083 tandem
434 1025 515 1084 vocis
529 1026 623 1084 laxata
638 1025 741 1084 dolore
755 1036 809 1085 est.

131 1125 220 1182 ‘Non
236 1122 319 1191 haec,
336 1124 364 1182 O
381 1123 468 1195 Palla,
485 1121 610 1182 dederas
624 1125 768 1200 promissa
780 1124 903 1200 parenti,

131 1222 245 1280 cautius
260 1230 291 1278 ut
306 1240 393 1279 saevo
408 1221 496 1280 velles
511 1231 540 1280 te
555 1221 676 1280 credere
692 1223 799 1296 Marti,

131 1319 211 1378 haud
226 1320 342 1396 ignarus
357 1338 446 1392 eram,
463 1329 605 1395 quantum
619 1338 697 1378 nova
709 1321 801 1396 gloria
813 1321 844 1379 iu
858 1321 944 1378 armis

130 1429 160 1476 et
174 1417 335 1493 praedulce
351 1417 443 1476 decus
458 1419 553 1493 primo
569 1419 727 1477 certamine
742 1429 850 1494 posset.

131 1515 278 1574 Primitiae
294 1516 405 1594 iuvenis
420 1516 543 1574 miserae
558 1515 684 1592 bellique
700 1515 860 1592 propinqui

131 1612 205 1672 dura
219 1613 386 1672 rudimenta
399 1623 429 1672 et
443 1613 513 1671 nulli
528 1612 665 1672 exaudita
679 1613 802 1672 deorum

132 1721 200 1769 vota
214 1729 376 1787 precesque
391 1729 475 1770 meae
489 1714 496 1770 l
537 1713 652 1788 Tuque,
669 1712 698 1771 O
711 1713 893 1770 sanctissima
906 1712 1045 1784 coniunx,

133 1811 200 1868 felix
215 1819 309 1867 morte
325 1819 375 1867 tua
388 1827 486 1884 neque
500 1809 531 1867 in
546 1809 624 1867 hunc
640 1819 753 1868 servata
767 1809 898 1868 dolorem
914 1813 920 1869 !

133 1909 244 1967 Contra
258 1926 314 1982 ego
328 1907 454 1965 vivendo
469 1908 526 1965 vici
540 1925 607 1965 mea
620 1909 688 1980 fata,
703 1916 849 1983 superstes

132 2015 270 2063 restarem
286 2015 318 2062 ut
331 2006 455 2080 genitor.
497 2005 607 2063 Troum
622 2004 704 2062 socia
717 2023 799 2062 arma
811 2015 946 2063 secutum

133 2103 289 2162 obruerent
304 2103 405 2161 Rutuli
418 2103 502 2161 telis!
544 2102 681 2160 Animam
696 2103 760 2178 ipse
775 2101 923 2161 dedissem

133 2211 220 2276 atque
236 2200 311 2258 haec
326 2219 437 2277 pompa
451 2199 575 2258 domum
589 2219 647 2273 me,
662 2219 724 2260 non
740 2201 878 2272 Pallanta,
892 2202 1019 2273 referret,

133 2317 189 2356 nec
204 2317 257 2356 vos
272 2299 422 2374 arguerim,
438 2298 553 2370 Teucri,
569 2317 625 2357 nec
640 2298 762 2356 foedera
775 2317 831 2355 nec
846 2317 918 2374 quas

135 2397 281 2454 iunximus
296 2396 424 2472 hospitio
439 2395 574 2454 dextras:
598 2414 659 2454 sors
673 2397 729 2454 ista
741 2405 879 2453 senectae

134 2493 234 2552 debita
247 2503 309 2552 erat
322 2503 448 2566 nostrae.
492 2493 582 2568 Quod
596 2495 620 2551 si
635 2495 790 2552 immatura
803 2495 940 2551 manebat

136 2611 212 2650 mors
227 2602 337 2662 uatum,
353 2593 445 2650 caesis
459 2591 633 2649 Volscorum
649 2591 765 2650 milibus
779 2600 846 2648 ante

136 2689 294 2748 ducentem
309 2689 340 2747 in
354 2690 469 2747 Latium
483 2691 615 2747 Teucros
631 2688 775 2747 cecidisse
789 2689 907 2747 iuvabit.

137 2788 214 2862 Quin
229 2805 285 2863 ego
300 2805 361 2845 non
375 2787 432 2850 alio
447 2786 551 2863 digner
565 2795 594 2844 te
609 2787 720 2859 funere,
736 2787 823 2858 Palla,

137 2904 222 2961 quarn
238 2885 303 2960 pius
318 2887 432 2942 Aeneas
452 2882 498 2962 [et
512 2903 600 2960 quam
615 2887 714 2960 magni
728 2885 856 2961 Phryges
873 2896 903 2944 et
916 2905 1005 2962 quam

135 2983 334 3058 Tyrrhenique
349 2981 451 3054 duces,
466 2983 649 3058 Tyrrhenum
665 2982 808 3040 exercitus
824 2982 945 3061 omnis]

138 3082 245 3155 Magna
259 3089 380 3155 tropaea
394 3081 499 3151 ferunt,
514 3098 589 3155 quos
604 3079 654 3138 dat
668 3090 719 3138 tua
732 3079 853 3139 dextera
868 3082 960 3139 Leto:

137 3188 165 3235 tu
178 3195 299 3252 quoque
314 3197 393 3236 nunc
409 3188 498 3236 stares
513 3178 647 3236 immanis
662 3189 781 3236 truncus
796 3179 826 3236 in
840 3179 935 3250 armis,

138 3285 212 3334 esset
226 3293 279 3350 par
294 3285 372 3333 aetas
388 3286 418 3332 et
432 3274 513 3334 idern
528 3275 552 3333 si
564 3276 654 3334 robur
667 3277 705 3335 ab
719 3276 811 3349 annis,

137 3374 242 3431 Turne.
284 3372 344 3431 Sed
358 3373 458 3430 infelix
470 3374 602 3431 Teucros
617 3374 689 3449 quid
703 3373 841 3432 demoror
854 3375 964 3432 armis?

137 3470 240 3529 Vadite
255 3479 284 3528 et
299 3469 372 3527 haec
388 3489 533 3528 memores
546 3472 607 3547 regi
621 3471 761 3529 mandata
775 3473 896 3530 referte:

139 3567 216 3644 quod
229 3568 319 3626 vitam
334 3587 431 3626 moror
445 3570 564 3626 invisam
581 3569 710 3627 Pallante
724 3580 887 3645 perempto,

139 3665 255 3726 dextera
269 3684 358 3724 causa
372 3675 422 3724 tua
436 3677 487 3738 est,
502 3668 633 3725 Turnum
648 3678 777 3743 natoque
791 3668 924 3743 patrique

292 3802 325 3836 1⁶1
336 3805 394 3850 vm,
410 3805 439 3849 R,
671 3804 705 3838 1⁶⁸
720 3806 821 3850 amaret.
837 3805 870 3851 H.
880 3805 930 3849 and
941 3800 1028 3850 other's.
