2742 4284
187 333 227 411 38
493 333 599 397 Venus
622 335 779 397 Entreats
805 336 934 400 Vulcan.
1111 347 1233 410 [AExcrn

185 527 213 574 te
228 519 322 591 potuit
337 517 461 577 lacrimis
475 519 613 579 Tithonia
628 521 744 580 flectere
759 525 896 582 coniunx.

186 615 293 688 Aspice
308 617 358 690 qui
377 627 483 674 coeant
496 619 607 693 populi,
623 637 699 695 quae
714 623 831 679 moenia
845 624 948 680 clausis

184 713 290 770 sermm
305 724 412 771 acuant
425 715 516 790 portis
532 716 562 772 in
577 735 624 774 me
639 720 860 795 exscidiumque
875 727 1024 781 meomm.'

186 816 306 873 Dixerat
320 825 349 873 et
363 816 453 874 niveis
469 816 538 874 hinc
554 828 641 892 atque
657 819 725 876 hinc
740 820 809 877 diva
821 822 934 881 lacertis

184 929 373 977 cunctantem
389 919 524 993 amplexu
541 919 619 976 molli
636 921 722 977 fovet.
766 923 819 979 Ille
834 937 953 999 repente

184 1019 300 1093 accepit
314 1018 427 1075 solitam
443 1009 600 1090 flammam,
616 1031 760 1096 notusque
774 1022 916 1081 medullas

184 1121 298 1177 intravit
313 1120 391 1178 calor
407 1132 435 1178 et
450 1122 593 1178 labefacta
607 1139 660 1196 per
674 1139 740 1179 ossa
758 1105 900 1180 cucurrit:

184 1239 243 1277 non
259 1239 343 1278 secus
360 1231 447 1295 atque
463 1223 531 1278 olim
549 1221 657 1278 tonitru
673 1240 741 1278 cum
755 1232 841 1297 rupta
854 1241 977 1280 comsco

184 1320 270 1394 ignea
283 1321 355 1376 rima
371 1323 482 1378 micans
498 1322 638 1396 percurrit
653 1321 762 1377 lumine
777 1321 901 1378 nimbos,

184 1418 277 1475 Sensit
292 1419 367 1476 laeta
382 1419 456 1478 dolis
472 1430 501 1478 et
515 1422 624 1478 formae
640 1421 761 1477 conscia
775 1421 911 1478 coniunx.

183 1517 259 1574 Tum
275 1529 357 1592 pater
373 1530 493 1577 aeterno
508 1521 581 1577 latur
596 1519 750 1576 devinctus
764 1536 880 1575 amore:

184 1614 284 1687 ‘Quid
299 1635 401 1674 causas
416 1618 491 1692 petis
506 1635 542 1674 ex
557 1617 637 1674 alto?
679 1615 804 1673 Fiducia
818 1617 905 1673 cessit

183 1731 242 1786 quo
257 1715 319 1784 tibi,
335 1715 410 1786 diva,
427 1717 506 1773 mei?
544 1716 648 1774 Similis
664 1716 687 1772 si
704 1733 773 1771 cura
787 1714 894 1782 luisset,

183 1821 245 1868 turn
260 1831 378 1887 quoque
394 1813 436 1871 fas
451 1813 535 1871 nobis
549 1815 681 1870 Teucros
697 1831 807 1868 armare
823 1812 939 1868 fuisset:

183 1927 240 1966 nec
255 1922 337 1984 pater
351 1912 538 1986 omnipotens
553 1912 671 1968 Troiam
687 1929 742 1968 nec
758 1911 816 1968 lata
829 1909 965 1967 vetabant

183 2017 258 2064 stare
273 2007 437 2084 decemque
452 2011 523 2067 alios
539 2011 685 2067 Priamum
701 2026 852 2083 superesse
867 2026 920 2083 per
933 2027 1033 2065 annos.

184 2105 222 2160 Et
237 2124 323 2176 nunc,
340 2107 363 2163 si
377 2107 483 2165 bellare
499 2127 583 2183 paras
598 2119 685 2182 atque
702 2107 775 2164 haec
789 2107 841 2164 tibi
855 2124 938 2164 mens
953 2116 1005 2175 est,

183 2202 326 2277 quidquid
341 2206 371 2262 in
385 2218 445 2263 arte
461 2225 527 2263 mea
541 2224 659 2280 possum
675 2205 844 2280 promittere
860 2223 954 2275 curae,

184 2300 264 2374 quod
278 2302 339 2360 fieri
354 2303 428 2360 serro
443 2304 591 2377 liquidove
605 2314 704 2378 potest
719 2305 836 2371 electr0‚

183 2409 324 2471 quantum
339 2402 419 2474 ignes
435 2403 609 2476 animaeque
625 2403 730 2471 valent,
747 2402 852 2458 absiste
867 2400 1017 2476 precando

182 2494 288 2552 viribus
303 2496 466 2556 indubitare
482 2501 556 2557 tuis!
600 2502 644 2557 Ea
658 2501 747 2557 verba
761 2500 873 2556 locutus

183 2603 298 2666 optatos
313 2594 396 2652 dedit
411 2598 561 2670 amplexus
576 2597 786 2672 placidumque
801 2598 901 2671 petivit

182 2691 313 2764 coniugis
328 2693 437 2749 infusus
452 2696 562 2767 gremio
578 2713 630 2770 per
645 2696 777 2752 membra
791 2713 936 2769 soporem.

224 2786 298 2844 Inde
313 2790 363 2845 ubi
378 2791 471 2864 prima
486 2793 568 2865 quies
584 2793 683 2848 medio
700 2793 757 2848 iam
772 2794 866 2849 noctis
881 2794 1001 2850 abactae

182 2885 323 2942 curriculo
338 2887 486 2960 expulerat
501 2907 645 2960 somnum,
662 2910 732 2947 cum
746 2890 854 2946 femina
868 2891 1002 2964 primum,

182 2982 229 3037 cui
244 2982 365 3040 tolerare
381 2984 448 3042 colo
462 2987 549 3043 vitam
566 2989 705 3062 tenuique
722 2989 854 3044 Minerva

182 3079 358 3154 impositum,
375 3084 501 3141 cinerem
517 3096 546 3142 et
561 3087 672 3160 sopitos
687 3086 805 3143 suscitat
819 3085 910 3160 ignes

181 3187 300 3234 noctem
315 3178 427 3237 addens
443 3183 532 3255 operi,
548 3183 727 3258 famulasque
742 3183 780 3241 ad
795 3184 904 3241 lumina
918 3183 1006 3258 longo

181 3286 296 3332 exercet
311 3295 412 3350 penso
429 3289 539 3336 castum
556 3291 585 3338 ut
601 3299 713 3338 servare
729 3282 824 3339 cubile

180 3375 311 3448 coniugis
327 3387 355 3432 et
370 3378 460 3450 possit
474 3396 577 3450 parvos
592 3379 720 3437 educere
735 3391 837 3437 natos:
896 3402 898 3406 ·

181 3472 258 3528 haud
274 3491 358 3530 secus
375 3476 545 3550 Ignipotens
561 3497 616 3535 nec
633 3491 766 3554 tempore
782 3479 898 3554 segnior
913 3478 960 3535 illo

181 3570 314 3628 mollibus
329 3590 345 3628 e
361 3573 453 3630 stratis
469 3592 558 3648 opera
573 3576 610 3632 ad
625 3577 736 3635 fabrilia
750 3577 847 3652 surgit.

181 3669 280 3726 Insula
295 3670 440 3727 Sicanium
457 3673 535 3728 iuxta
550 3675 622 3732 latus
639 3677 830 3751 Aeoliamque

180 3767 296 3839 erigitur
312 3767 446 3840 Liparen,
463 3769 637 3829 fumantibus
653 3773 744 3830 ardua
758 3774 842 3845 saxis,

179 3881 266 3936 quarn
282 3865 380 3921 subter
394 3883 499 3939 specus
515 3877 543 3924 et
559 3869 722 3942 Cyclopum
738 3889 824 3927 exesa
839 3871 961 3928 caminis
