2742 4284
175 299 235 364 186
526 295 609 364 Care
631 298 667 362 in
691 298 865 381 Planting.
1065 307 1224 372 [Guoxcrcs.

170 504 335 562 excoquere
350 495 380 544 et
394 503 516 562 magnos
531 485 681 544 scrobibus
697 485 855 543 concidere
870 487 987 559 montis,

169 593 237 641 ante
252 584 400 659 supinatas
415 583 553 658 Aquiloni
567 582 725 642 ostendere
740 584 848 658 glebas,

169 700 257 756 quam
271 682 380 740 laetum
394 680 518 739 infodias
533 681 596 738 vitis
610 698 711 756 genus.
754 682 875 756 Optima
889 685 965 758 putri

167 799 234 838 arva
249 779 330 839 solo:
354 777 384 836 id
398 779 476 836 venti
491 788 593 836 curant
607 778 780 854 gelidaeque
796 781 916 855 pruinae

168 886 198 936 et
211 877 353 936 labefacta
368 895 489 934 movens
504 877 638 935 robustus
654 878 752 952 iugera
767 879 868 936 sossor.

167 979 211 1034 Ac
226 976 324 1050 siquos
339 975 417 1032 haud
433 975 490 1033 ulla
503 975 579 1033 viros
594 976 741 1050 vigilantia
755 978 834 1052 sugit,

166 1084 234 1131 ante
249 1075 347 1132 locum
362 1074 485 1131 similem
500 1073 663 1148 exquirunt,
681 1075 731 1132 ubi
745 1075 838 1149 prima
851 1086 967 1150 paretur

165 1173 316 1230 arboribus
332 1190 416 1247 seges
431 1182 460 1229 et
474 1190 533 1246 quo
549 1190 618 1230 mox
633 1172 747 1248 digesta
760 1173 874 1245 feratur,

165 1279 306 1328 mutatam
321 1271 455 1345 ignorent
469 1270 565 1328 subito
581 1289 619 1328 ne
635 1270 748 1328 semina
761 1281 893 1328 matrem.

166 1367 246 1442 Quin
262 1369 350 1426 etiam
365 1369 438 1426 caeli
453 1368 602 1443 regionem
617 1369 646 1425 in
662 1369 770 1426 cortice
785 1370 909 1444 signant,

165 1475 197 1523 ut
211 1484 271 1541 quo
286 1484 419 1541 quaeque
434 1465 526 1523 modo
542 1467 660 1538 steterit,
679 1485 738 1541 qua
751 1476 832 1542 parte
847 1468 957 1525 calores

165 1565 315 1622 Austrinos
331 1565 434 1635 tulerit,
450 1583 525 1638 quae
541 1574 621 1640 terga
636 1565 791 1622 obverterit
805 1566 861 1636 axi,

163 1663 331 1720 restituant:
354 1662 430 1720 adeo
444 1662 474 1718 in
489 1663 594 1720 teneris
610 1681 803 1720 consuescere
819 1664 941 1721 multum
955 1673 1009 1722 est.

164 1760 294 1819 Collibus
309 1779 346 1817 an
361 1761 449 1835 plano
464 1761 566 1818 melius
581 1761 616 1818 sit
632 1779 742 1836 ponere
756 1762 853 1832 vitem,

164 1876 270 1932 quaere
285 1859 372 1934 prius.
415 1859 444 1917 Si
457 1859 572 1933 pinguis
587 1877 671 1934 agros
685 1861 833 1917 metabere
848 1861 954 1935 campi,

164 1954 256 2013 densa
269 1975 333 2014 sere
345 1979 355 2028 z,
374 1957 404 2014 in
418 1956 511 2014 denso
526 1974 586 2014 non
600 1958 718 2032 segnior
731 1959 819 2016 ubere
834 1958 987 2029 Bacchus3
1030 1973 1033 1978 ·
1053 1979 1059 1990 ·

164 2053 208 2110 sin
222 2053 339 2112 tumulis
353 2053 466 2111 adclive
482 2054 574 2112 solum
591 2054 731 2130 collisque
746 2057 874 2130 supinos,

163 2150 280 2226 indulge
296 2151 464 2224 ordinibus3
487 2170 543 2209 nec
559 2153 647 2209 setius
661 2153 758 2210 omnis
772 2153 802 2210 in
817 2171 946 2228 unguem

163 2248 312 2306 arboribus
327 2249 428 2324 positis
443 2260 524 2306 secto
539 2251 585 2306 via
599 2250 690 2307 limite
704 2250 836 2324 quadret,

163 2355 195 2403 ut
208 2365 297 2422 saepe
312 2347 422 2423 ingenti
436 2347 512 2404 bello
530 2365 597 2404 cum
612 2347 700 2422 longa
714 2348 843 2406 cohortis

163 2444 301 2519 explicuit
315 2445 400 2519 legio,
416 2455 445 2502 et
460 2463 567 2519 campo
584 2445 662 2502 stetit
677 2463 784 2519 agmen
798 2456 910 2520 aperto,

163 2541 349 2618 directaeque
365 2543 452 2614 acieS,
469 2543 575 2599 aelate
591 2541 712 2617 fluctuat
726 2544 822 2600 omnis

162 2659 228 2698 aere
242 2639 387 2698 renidenti
401 2640 493 2712 tellus,
510 2640 641 2697 necdum
656 2639 774 2697 horrida
787 2642 913 2700 miscent

161 2737 279 2812 proelia,
295 2738 348 2795 sed
362 2737 467 2796 dubius
482 2738 586 2796 mediis
605 2740 684 2796 Mars
700 2749 774 2795 errat
787 2740 818 2795 in
832 2741 927 2798 armis.

162 2835 273 2894 Omnia
287 2836 344 2894 sint
358 2836 474 2910 paribus
490 2837 616 2893 numeris
634 2835 768 2894 dimensa
782 2839 910 2911 viarum;

162 2952 223 2991 non
238 2934 367 2991 animum
382 2932 474 2991 modo
489 2934 530 2991 uti
545 2945 646 3008 pascat
662 2944 835 3010 prospectus
849 2935 975 3007 inanem,

161 3031 214 3088 sed
229 3032 371 3106 quianon
386 3032 466 3089 aliter
480 3033 553 3089 vires
568 3031 649 3090 dabit
665 3034 801 3091 omnibus
815 3052 923 3109 aequas

160 3138 243 3201 terra,
258 3148 314 3187 nec
329 3130 359 3187 in
373 3149 498 3188 vacuum
513 3141 650 3205 poterunt
664 3149 696 3188 se
712 3131 869 3188 extendere
883 3133 965 3190 rami.

203 3229 335 3285 Forsitan
350 3238 379 3285 et
393 3230 543 3287 scrobibus
559 3248 633 3303 quae
649 3230 706 3286 sint
720 3229 832 3304 fastigia
846 3248 966 3304 quaeras

160 3325 252 3382 ausim
267 3326 314 3382 vel
327 3326 407 3382 tenui
422 3327 511 3382 vitem
526 3328 709 3383 committere
725 3327 815 3383 sulco¹

160 3423 252 3480 Altior
266 3441 301 3480 ac
315 3424 430 3498 penitus
445 3433 536 3480 terrae
552 3422 689 3499 defigitur
703 3425 796 3494 arbos,

160 3521 292 3578 aesculus
307 3520 336 3577 in
351 3521 460 3594 primis,
476 3540 551 3594 quae
567 3531 708 3595 quantum
721 3522 829 3579 vertice
844 3522 883 3581 ad
897 3542 979 3582 auras

160 3617 310 3690 aetherias,
325 3627 439 3675 tantum
454 3618 552 3675 radice
568 3619 596 3675 in
611 3621 732 3677 Tartara
745 3619 848 3678 tendit.

160 3715 239 3790 Ergo
254 3733 314 3772 non
329 3715 440 3774 hiemes
455 3716 541 3786 illam,
557 3735 617 3774 non
632 3716 721 3775 flabra
735 3736 830 3792 neque
845 3720 952 3777 imbres

302 3844 336 3877 2⁸1
347 3846 446 3890 derecta.
459 3846 486 3890 R.
564 3845 596 3878 2⁸7
606 3861 630 3889 se
639 3847 746 3892 omitted.
763 3848 790 3892 R.
863 3848 1021 3907 2⁸³fi2rsitam.
1038 3852 1066 3896 R.

1179 489 1224 532 260
