2742 4284
167 315 230 376 214
451 296 579 360 Battles
601 297 641 378 of
656 293 765 358 Rival
787 294 922 373 Quaem.
1061 303 1220 368 [Gnoxcroe.

166 482 316 540 excudunt
329 501 411 540 ceras
427 491 456 540 et
471 483 557 539 mella
571 483 686 540 tenacia
700 483 822 557 fingunt.

167 581 227 638 Hic
241 577 291 638 nbi
304 581 363 638 iam
378 581 517 638 emissum
533 581 628 638 caveis
643 579 682 638 ad
697 579 792 638 sidera
806 581 880 638 caeli

165 697 234 736 nare
248 697 301 754 per
314 687 455 736 aestatem
470 677 611 752 liquidam
625 678 788 753 suspexeris
804 695 911 752 agmen

165 777 379 851 obscuramque
393 775 468 833 trahi
482 785 570 832 vento
586 776 726 833 mirabere
741 776 861 845 nubem,

166 874 396 949 contemplator:
419 891 509 948 aquas
524 871 617 930 dulcis
633 883 663 930 et
677 871 800 930 frondea
813 891 931 947 semper

164 982 243 1031 tecta
256 981 369 1048 petunt.
414 973 484 1028 Huc
498 980 529 1029 tu
544 972 636 1028 iussos
651 989 773 1046 asperge
788 989 916 1046 sapores,

164 1072 231 1128 trita
244 1069 425 1145 melisphylla
438 1079 468 1126 et
483 1067 631 1126 cerinthae
645 1068 773 1142 ignobile
787 1087 916 1143 gramen,

164 1169 342 1243 tinnitusque
357 1168 402 1225 cie
417 1177 447 1226 et
462 1168 564 1225 Matris
580 1176 667 1241 quate
683 1167 818 1242 cymbala
832 1169 960 1224 circum:

165 1267 244 1341 ipsae
260 1264 416 1324 consident
430 1265 583 1323 medicatis
598 1264 727 1336 sedibus,
742 1265 822 1339 ipsae

164 1365 266 1422 intima
279 1382 360 1422 more
376 1383 429 1421 suo
444 1381 508 1421 sese
523 1364 552 1420 in
567 1362 712 1420 cunabula
726 1362 866 1419 condent.

205 1463 255 1521 Sin
269 1471 365 1520 autern
381 1461 419 1519 ad
434 1479 562 1536 pugnam
578 1460 708 1530 exierint,
723 1479 793 1517 nam
807 1443 895 1534 saepe
911 1459 1027 1518 duobus

164 1560 278 1636 regibus
292 1561 410 1618 incessit
424 1577 531 1633 magno
547 1556 694 1615 discordia
709 1567 811 1628 motu3

164 1659 364 1732 continuoque
379 1658 491 1714 animos
506 1656 583 1731 vulgi
597 1667 626 1712 et
640 1655 815 1730 trepidantia
829 1655 905 1713 bello

164 1756 255 1814 corda
267 1756 336 1813 licet
349 1756 435 1830 longe
450 1755 663 1829 praesciscere:
686 1772 813 1827 namque
829 1754 968 1810 morantis

165 1854 287 1912 Martius
302 1853 347 1910 ille
363 1853 435 1913 aeris
450 1853 530 1910 rauci
545 1871 634 1909 canor
649 1852 790 1926 increpat,
807 1861 835 1908 et
849 1869 906 1909 vox

164 1951 279 2010 auditur
293 1951 398 2008 fractos
413 1952 524 2008 sonitus
539 1951 649 2007 imitata
663 1950 797 2007 tubarum
808 1971 817 2021 3

163 2061 226 2107 tum
240 2049 371 2124 trepidae
386 2050 460 2106 inter
475 2067 505 2106 se
520 2057 630 2106 coeunt
644 2049 807 2123 pennisque
823 2057 978 2105 coruscant

164 2148 332 2222 spiculaque
348 2157 493 2204 exacuunt
507 2147 604 2204 rostris
619 2155 778 2220 aptantque
793 2146 926 2217 lacertos,

164 2255 193 2303 et
208 2245 286 2302 circa
300 2262 399 2319 regem
414 2255 500 2320 atque
515 2244 579 2319 ipsa
593 2243 631 2301 ad
645 2244 791 2318 praetoria
805 2243 914 2300 densae

165 2344 322 2401 miscentur
337 2343 506 2418 magnisque
521 2352 628 2400 vocant
643 2342 817 2399 clamoribus
832 2342 957 2412 hostem,

164 2460 233 2517 ergo
248 2440 298 2499 ubi
311 2459 362 2497 ver
374 2450 478 2498 nactae
494 2439 600 2498 sudum
616 2457 796 2514 camposque
812 2440 938 2514 patentis

164 2549 320 2615 erumpunt
334 2539 442 2614 portis:
466 2538 654 2608 concurritur,
671 2537 787 2595 aethere
802 2537 832 2594 in
846 2538 905 2595 alto

163 2638 195 2696 fit
210 2638 330 2708 sonitus,
347 2655 485 2712 magnum
500 2638 606 2693 mixtae
621 2637 817 2710 glomerantur
833 2637 862 2692 in
877 2635 988 2705 orbern,

163 2736 395 2812 praecipitesque
410 2734 539 2806 cadunt,
562 2753 621 2791 non
637 2733 755 2791 densior
769 2734 835 2791 aere
850 2733 971 2808 grand0,

163 2853 219 2892 nec
234 2833 272 2890 de
287 2851 431 2892 concussa
445 2842 556 2890 tantum
571 2833 644 2907 pluit
657 2831 723 2888 ilice
738 2831 860 2907 glandis.

164 2933 225 3006 Ipsi
240 2951 293 3007 per
308 2929 419 2988 medias
434 2931 511 2987 acies
526 2931 686 3005 insignibus
700 2929 751 2986 alis

164 3031 288 3104 ingentis
303 3030 415 3086 animos
430 3037 552 3103 angusto
568 3028 597 3084 in
612 3037 733 3102 pectore
748 3037 870 3098 versant,

163 3146 254 3203 usque
270 3126 346 3184 adeo
361 3127 459 3184 obnixi
474 3145 534 3184 non
550 3125 665 3195 cedere,
682 3124 753 3183 dum
767 3126 859 3200 gravis
874 3135 924 3182 aut
937 3124 991 3198 hos

163 3235 213 3283 aut
227 3226 281 3283 hos
294 3243 377 3282 versa
390 3225 458 3300 fuga
472 3225 563 3282 victor
577 3223 647 3281 dare
663 3233 743 3298 terga
757 3223 880 3297 subegit.

165 3325 206 3380 Hi
220 3333 316 3381 motus
331 3323 495 3380 animorum
510 3333 597 3397 atque
612 3323 685 3378 haec
701 3321 860 3378 certamina
874 3331 954 3378 tanta

163 3423 286 3497 pulveris
302 3422 397 3496 exigui
412 3422 489 3478 iactu
505 3439 672 3495 compressa
686 3420 846 3493 quiescent.

138 3552 140 3558 ·
162 3521 272 3578 Verum
287 3519 337 3577 ubi
352 3518 489 3577 ductores
503 3519 567 3576 acie
582 3518 761 3576 revocaveris
776 3517 874 3588 ambo,

164 3619 289 3677 deterior
303 3619 354 3692 qui
367 3619 453 3691 visus,
469 3637 546 3689 eum,
562 3637 599 3675 ne
614 3617 754 3693 prodigus
769 3616 854 3688 obsit,

164 3716 241 3774 dede
257 3717 342 3789 neci;
365 3716 468 3774 melior
481 3735 573 3773 vacua
587 3716 648 3774 sine
665 3723 767 3789 regnet
781 3714 812 3771 in
826 3713 899 3772 aula.

334 3847 355 3879 ⁷⁷
365 3851 470 3892 nanctae.
487 3848 515 3890 R.
811 3843 831 3875 ⁸⁷
842 3843 967 3900 quiescunt.
984 3843 1041 3888 Eds.
