2742 4284
117 319 277 384 vt11.315.]
446 310 602 393 Sacrzfice
625 322 656 372 to
679 310 846 376 Hercules.

116 495 243 569 pellibus
258 497 288 553 in
304 514 416 554 morem
432 497 529 566 cincti,
545 496 736 571 flammasque
751 498 890 557 serebant.

118 594 286 650 Instaurant
300 595 400 668 epulas
416 604 445 650 et
459 612 578 650 mensae
593 605 672 670 grata
687 595 836 654 secundae

118 689 202 748 dona
217 690 312 747 ferunt
328 691 536 766 cumulantque
553 693 678 751 oneratis
694 693 825 752 lancibus
839 713 912 753 aras.

117 789 195 844 Tum
212 789 279 846 Salii
292 786 331 845 ad
347 800 448 846 cantus
463 789 584 846 incensa
597 790 697 848 altaria
710 792 821 849 circum

119 885 255 960 populeis
270 885 378 942 adsunt
392 886 499 942 evincti
514 896 648 961 tempora
661 889 757 960 ramiS,

120 983 168 1040 hic
184 983 324 1040 iuvenum
339 983 454 1053 chorus,
470 983 516 1040 ille
532 1001 655 1057 senum;
677 988 728 1060 qui
742 989 871 1046 carmine
885 988 986 1046 laudes

122 1081 289 1138 Herculeas
304 1091 333 1139 et
347 1081 424 1138 sacta
438 1081 550 1138 ferunt:
574 1093 605 1140 ut
618 1083 713 1158 prima
726 1103 869 1142 novercae

121 1189 252 1237 monstra
267 1197 354 1235 manu
368 1179 561 1253 geminosque
575 1198 713 1256 premens
727 1184 833 1241 eliserit
847 1204 966 1261 angues,

120 1290 153 1337 ut
168 1279 247 1336 bello
262 1280 392 1355 egregias
409 1280 488 1338 idem
505 1281 650 1341 disiecerit
666 1285 762 1356 urbes,

120 1377 301 1452 Troiamque
318 1378 560 1454 Oechaliamque,
578 1392 608 1439 ut
623 1381 712 1441 duros
726 1385 804 1442 mille
818 1385 931 1444 labores

121 1495 190 1552 rege
206 1477 262 1534 sub
278 1477 440 1552 Eurystheo
457 1479 522 1537 satis
538 1480 659 1539 Iunonis
674 1483 792 1557 iniquae

120 1577 280 1652 pertulerit.
325 1579 388 1635 ‘Tu
404 1579 574 1654 nubigenas,
590 1581 706 1651 invicte,
722 1581 891 1639 bimembris

122 1675 331 1751 Hylaeumque
349 1677 542 1752 Pholumque,
558 1696 656 1749 manu,
672 1688 702 1736 tu
717 1679 818 1736 Cresia
832 1690 942 1736 mactas

121 1774 259 1853 prodigia
273 1785 303 1833 et
313 1786 426 1833 vastum
445 1776 576 1833 Nemeae
592 1777 646 1834 sub
660 1795 733 1851 rupe
747 1776 874 1834 leonem.

121 1874 166 1930 Te
182 1873 273 1948 Stygii
286 1883 432 1931 tremuere
448 1873 536 1944 lacus,
553 1884 581 1932 te
597 1875 701 1932 ianitor
715 1874 787 1933 Orci

121 1990 191 2030 ossa
205 1990 292 2046 super
307 1972 451 2030 recubans
466 1982 549 2030 antro
564 1990 678 2030 semesa
694 1982 835 2045 cruento,

121 2089 179 2128 nec
194 2079 224 2127 te
240 2070 315 2127 ullae
331 2071 430 2141 facies,
446 2089 507 2128 non
522 2071 621 2128 terruit
636 2072 698 2146 ipse
713 2071 881 2146 Typhoeus,

121 2167 231 2226 arduus
247 2187 328 2226 arma
341 2178 464 2240 tenens,
487 2187 546 2226 non
563 2179 591 2226 te
605 2170 724 2226 rationis
739 2180 875 2243 egentem

122 2269 274 2324 Lernaeus
289 2267 375 2324 turba
388 2267 518 2342 capitum
534 2268 725 2324 circumstetit
739 2267 848 2341 anguis.

121 2365 217 2435 Salve,
233 2383 302 2422 vera
317 2365 395 2422 Iovis
411 2366 516 2441 proles,
534 2365 625 2422 decus
644 2365 744 2423 addite
759 2365 841 2436 divis,

121 2474 152 2520 et
166 2481 221 2520 nos
238 2472 267 2519 et
281 2473 332 2520 tua
347 2462 451 2521 dexter
465 2463 514 2520 adi
528 2463 606 2538 pede
622 2482 704 2520 sacra
718 2464 868 2522 secundo.¹

120 2561 205 2618 Talia
219 2562 395 2619 carminibus
410 2562 557 2620 celebrant
569 2583 577 2632 ;
599 2579 686 2636 super
700 2561 801 2619 omnia
816 2562 888 2620 Caci

120 2659 296 2734 speluncam
311 2659 442 2717 adiciunt
457 2661 675 2734 spirantemque
690 2659 806 2734 ignibus
821 2660 926 2733 ipsum.

121 2758 276 2816 Consonat
292 2775 380 2815 omne
395 2777 499 2815 nemus
513 2758 633 2832 strepitu
650 2758 797 2831 collesque
812 2758 959 2815 resultant.

164 2856 242 2912 Exin
257 2873 289 2912 se
304 2856 403 2913 cuncti
419 2855 522 2912 divinis
538 2856 624 2913 rebus
640 2855 677 2912 ad
693 2856 795 2912 urbem

120 2955 262 3030 perfectis
277 2955 413 3012 referunt.
459 2955 524 3012 Ibat
539 2972 589 3010 rex
603 2955 714 3011 obsitus
728 2972 800 3011 aevo

121 3061 150 3110 et
166 3053 307 3110 comitem
321 3055 443 3110 Aenean
458 3053 537 3110 iuxta
551 3062 711 3126 natumque
726 3053 844 3109 tenebat

120 3150 289 3225 ingrediens
304 3152 441 3225 varioque
456 3151 532 3207 viam
547 3168 681 3207 sermone
697 3150 819 3206 levabat.

122 3249 247 3306 Miratur
260 3249 409 3322 facilisque
425 3249 526 3306 oculos
541 3248 595 3305 fert
610 3248 710 3305 omnia
724 3248 833 3304 circum

120 3350 238 3404 Aeneas
253 3346 424 3420 capiturque
439 3347 511 3403 locis
527 3356 556 3404 et
572 3346 683 3420 singula
697 3346 788 3402 laetus

120 3445 304 3519 exquiritque
321 3443 459 3518 auditque
475 3444 567 3500 virum
583 3444 765 3500 monimenta
782 3445 919 3517 priorum.

119 3543 198 3600 Tum
212 3560 265 3598 rex
279 3540 443 3611 Euandrus,
460 3543 613 3598 Romanae
629 3540 766 3598 conditor
780 3543 852 3598 arcis
866 3565 871 3598 :

120 3641 227 3696 ‘Haec
242 3656 365 3696 nemora
378 3638 534 3713 indigenae
550 3639 628 3695 launi
643 3639 850 3713 nymphaeque
865 3640 1005 3697 tenebant

118 3753 253 3812 gensque
267 3736 360 3793 virum
374 3736 484 3792 truncis
499 3745 529 3793 et
544 3736 617 3793 duro
633 3736 738 3793 robore
754 3747 831 3806 nata,

265 3863 298 3898 Ν
313 3865 410 3910 Nemea.
439 3866 471 3910 H.
482 3867 530 3909 and
542 3867 598 3910 Eds.
827 3865 860 3898 2⁹⁷
875 3869 979 3910 semiesa.
1005 3867 1032 3910 C.
