2742 4284
117 318 153 368 x.
168 317 240 388 rao]
469 309 624 378 Dacisr'on
648 315 690 398 os
695 313 838 398 Jupiter.

117 494 194 574 quid
208 495 360 571 gravidam
374 496 456 557 bellis
471 497 574 556 urbem
589 507 618 555 et
634 497 726 556 corda
737 516 840 574 aspera
854 499 1001 578 temptas?

119 598 225 655 Nosne
240 593 294 652 tibi
308 593 399 652 fluxas
414 594 555 671 Phrygiae
569 613 615 654 res
631 605 741 654 vertere
756 596 849 656 fundo

117 714 273 767 conamur,
288 711 351 764 nm,
369 709 407 748 an
422 691 542 750 miseros
557 693 608 768 qui
621 695 714 752 Troas
728 695 845 754 Achivis

118 797 251 857 obiecit?
293 795 378 869 Quae
397 807 485 848 causa
501 789 562 860 fuit,
577 807 753 866 consurgere
768 793 799 850 in
812 811 892 852 arma

119 899 331 972 Europamque
347 890 507 964 Asiamque
525 897 554 945 et
569 887 689 946 foedera
702 890 814 950 solvere
828 891 926 952 furto?

119 998 173 1055 Me
189 995 266 1054 duce
284 994 448 1052 Dardanius
467 993 600 1067 Spartam
614 988 791 1064 expugnavit
805 988 927 1062 adulter,

118 1104 170 1153 aut
184 1112 241 1170 ego
255 1094 314 1150 tela
328 1091 398 1150 dedi
413 1090 506 1148 fovive
522 1088 662 1164 cupidine
677 1087 775 1146 bella?

117 1195 198 1251 Tum
212 1191 313 1250 decuit
329 1189 466 1249 metuisse
484 1189 558 1246 tuis:
582 1204 661 1244 nunc
676 1203 741 1243 sera
754 1185 879 1260 querelis

120 1290 200 1349 haud
215 1291 295 1348 iustis
310 1288 439 1363 adsurgis
455 1298 484 1344 et
500 1285 584 1343 inrita
600 1284 692 1359 iurgia
705 1283 815 1341 iactas!

159 1388 279 1446 Talibus
294 1387 396 1445 orabat
412 1385 497 1456 lun0,
516 1383 675 1457 cunctique
690 1382 854 1441 fremebant

118 1486 278 1545 caelicolae
294 1483 419 1542 adsensu
436 1483 524 1554 vario,
542 1499 597 1539 ceu
612 1479 731 1538 flamina
744 1481 836 1555 prima

118 1603 190 1642 cum
205 1583 349 1658 deprensa
364 1581 490 1638 fremunt
504 1580 580 1637 silvis
597 1589 626 1637 et
641 1597 733 1636 caeca
746 1579 877 1637 volutant

118 1699 277 1751 murmura,
292 1689 428 1738 venturos
445 1678 539 1735 nautis
557 1675 713 1752 prodentia
727 1686 838 1734 ventos

117 1782 198 1838 Tum
212 1788 295 1853 pater
309 1777 505 1850 omnipotens,
524 1792 621 1832 rerum
636 1775 683 1831 cui
699 1775 793 1849 prima
807 1786 945 1851 potestas,

118 1878 203 1948 iufit;
229 1894 265 1934 eo
280 1874 397 1933 dicente
413 1871 504 1930 deum
522 1872 628 1930 domus
644 1873 703 1930 alta
716 1873 824 1931 silescit

118 1985 150 2034 et
164 1974 335 2033 tremefacta
348 1972 411 2030 solo
426 1970 518 2042 tellus,
540 1970 604 2028 silet
619 1970 726 2029 arduus
741 1973 850 2043 aether,

118 2085 183 2132 tum
197 2071 320 2147 Zephyri
335 2088 469 2146 posuere,
488 2069 593 2144 premit
609 2069 725 2144 placida
739 2088 867 2146 aequora
882 2082 1008 2147 pontus:

119 2171 273 2245 ‘Accipite
289 2187 358 2244 ergo
372 2168 476 2226 animis
492 2177 580 2242 atque
598 2167 671 2225 haec
686 2187 754 2226 mea
767 2169 846 2245 figite
862 2170 950 2229 dicta.

119 2266 373 2345 Quandoquidem
389 2265 535 2323 Ausonios
552 2265 692 2340 coniungi
708 2266 827 2324 foedere
841 2269 963 2327 Teucris
1138 2281 1178 2326 105

118 2366 201 2426 haud
215 2366 333 2436 licitum,
349 2383 405 2421 nec
421 2372 515 2421 vestra
531 2363 611 2437 capit
627 2362 776 2422 discordia
790 2366 896 2424 finem:

118 2483 196 2541 quae
211 2463 318 2538 cuique
333 2471 377 2520 est
392 2462 507 2519 fortuna
525 2459 623 2530 hodie,
641 2479 731 2535 quam
745 2464 868 2538 quisque
883 2475 963 2522 secat
977 2483 1069 2541 spem,

117 2566 194 2622 Tros
209 2561 372 2620 Rutulusne
389 2559 451 2617 fuat
466 2559 545 2616 nullo
564 2557 732 2618 discrimine
747 2561 872 2620 habebo

118 2663 177 2720 Seu
193 2659 256 2717 fatis
272 2657 378 2716 Italum
394 2665 488 2714 castra
506 2655 661 2715 obsidione
677 2668 813 2717 tenentur

118 2759 180 2816 sive
195 2774 289 2815 errore
305 2756 382 2813 malo
398 2754 504 2813 Troiae
523 2754 700 2830 monitisque
715 2757 843 2816 sinistris.
884 2736 888 2740 ⁴

120 2857 188 2914 Nec
202 2853 325 2913 Rutulos
340 2853 441 2910 solvo:
465 2869 518 2909 sua
534 2852 641 2927 cuique
657 2872 760 2912 exorsa
773 2856 903 2915 laborem

118 2955 324 3027 fortunamque
339 2950 441 3008 ferent.
489 2950 555 3007 Rex
571 2951 704 3026 Iuppiter
717 2954 853 3013 omnibus
867 2953 956 3013 idem.

120 3053 194 3110 Fata
207 3051 283 3109 viam
297 3049 466 3106 invenient’
514 3048 604 3123 Stygii
617 3068 671 3125 per
684 3051 804 3109 flumina
817 3053 917 3125 fratris,

119 3167 173 3226 per
187 3149 254 3224 pice
269 3145 404 3205 torrentis
418 3156 538 3222 atraque
555 3151 693 3226 voragine
707 3152 784 3227 ripas

119 3247 222 3307 adnuit
237 3256 266 3304 et
280 3255 375 3304 totum
391 3255 463 3304 nutu
481 3248 643 3307 tremefecit
659 3250 827 3325 Olympum.

120 3345 182 3404 Hic
197 3345 261 3403 linis
276 3342 365 3402 fandi.
410 3346 488 3405 Solio
505 3356 567 3405 tum
583 3347 715 3422 Iuppiter
727 3366 816 3406 aureo

120 3443 219 3519 surgit,
235 3445 392 3508 caelicolae
413 3447 543 3508 medium
559 3465 648 3522 quem
664 3445 702 3504 ad
717 3445 815 3503 limina
830 3445 950 3504 ducunt.

162 3542 279 3601 Interea
294 3548 396 3608 Rutuli
412 3548 503 3624 portis
518 3546 629 3603 circum
643 3542 780 3603 omnibus
793 3544 901 3600 instant

121 3651 249 3702 sternere
265 3644 358 3703 caede
374 3646 450 3703 ¹uiros
466 3654 495 3703 et
510 3641 628 3702 moenia
642 3641 760 3716 cingere
773 3639 906 3699 flammis.

124 3742 159 3798 At
173 3742 249 3818 legio
266 3742 440 3801 Aeneadum
455 3741 534 3800 vallis
550 3741 670 3799 obsessa
684 3749 807 3810 tenetur,
1135 3747 1177 3781 1²⁰

208 3869 240 3904 1⁰⁰
256 3883 354 3916 amma.
375 3870 408 3918 rr.
489 3835 492 3842 ’
525 3867 590 3904 Μ
606 3867 726 3915 naeres
746 3867 775 3914 n
890 3864 1040 3924 111p0puas.
1059 3866 1091 3912 n.
