2742 4284
199 305 260 366 114
553 288 660 370 Reply
682 291 725 373 of
745 291 885 354 Tamus.
1130 303 1250 365 [AEurun

193 473 312 548 insignis
327 491 420 549 agros
465 475 558 533 Possit
573 475 644 550 quid
658 474 756 532 vivida
769 476 866 547 virtus,

194 571 341 646 experiare
357 559 445 644 licet,
468 590 524 629 nec
539 573 627 647 longe
643 572 756 630 scilicet
772 573 871 631 hostes

194 669 354 743 quaerendi
368 670 472 727 nobis:
496 671 684 728 circumstant
699 670 829 747 undique
843 691 951 730 muros.

193 768 276 824 Imus
290 767 319 824 in
334 767 490 825 adversos:
514 767 587 843 quid
603 771 721 827 cessas?
762 771 807 826 An
822 770 874 827 tibi
889 772 1008 827 Mavors

193 874 314 922 ventosa
328 866 357 922 in
372 865 471 942 lingua
485 865 671 942 pedibusque
686 867 837 942 fugacibus
851 868 913 926 istis

193 980 310 1052 semper
325 965 398 1020 erit?

193 1060 295 1118 Pulsus
311 1063 387 1136 ego?
428 1065 487 1122 Aut
501 1063 656 1137 quisquam
671 1063 786 1133 meritc,
801 1062 979 1134 foedissime,
994 1065 1111 1139 pulsum

193 1169 302 1233 arguet,
321 1159 410 1216 Iliaco
425 1158 572 1217 tumidum
587 1161 637 1236 qui
652 1178 784 1218 crescere
799 1160 941 1238 Thybrim

192 1257 332 1331 sanguine
347 1268 376 1314 et
392 1257 519 1316 Evandri
535 1268 626 1316 totam
641 1278 711 1316 curn
725 1260 813 1334 stirpe
828 1258 939 1317 videbit

192 1354 382 1428 procubuisse
398 1354 521 1414 domum
536 1367 623 1430 atque
639 1367 741 1414 exutos
756 1356 885 1414 Arcadas
899 1357 1006 1414 armis?
1203 1366 1248 1412 ³9⁵

193 1451 285 1510 Haud
300 1453 339 1509 ita
353 1471 400 1509 me
416 1455 526 1528 experti
543 1455 630 1512 Bitias
645 1465 676 1511 et
692 1454 839 1511 Pandarus
853 1456 955 1530 ingens

192 1560 221 1607 et
236 1569 309 1624 quos
325 1551 401 1608 mille
417 1551 465 1609 die
480 1553 572 1609 victor
586 1553 640 1610 sub
654 1555 774 1610 Tartara
787 1553 862 1622 misi,

192 1649 319 1714 inclusus
335 1649 422 1706 muris
437 1649 592 1724 hostilique
607 1669 712 1726 aggere
727 1661 854 1725 saeptus.

193 1746 308 1803 “Nulla
322 1747 397 1804 salus
411 1747 517 1804 bello.”
561 1749 656 1823 Capiti
672 1766 746 1805 cane
761 1748 836 1819 talia,
852 1747 985 1819 demens,

192 1842 344 1900 Dardanio
358 1844 503 1918 rebusque
518 1846 583 1903 tuis.
628 1845 754 1903 Proinde
769 1847 869 1903 omnia
883 1864 989 1921 magno

191 1960 228 1998 ne
244 1959 328 1998 cessa
343 1941 457 1998 turbare
473 1954 553 2000 metu
565 1954 652 2017 atque
668 1945 805 2000 extollere
820 1943 895 2001 vires

190 2039 284 2113 gentis
299 2039 343 2096 bis
358 2040 461 2109 victae,
477 2051 579 2098 contra
593 2059 725 2115 premere
741 2061 821 2099 arma
836 2041 941 2099 Latini.

192 2136 280 2193 Nunc
295 2146 324 2192 et
341 2137 561 2212 Myrmidonum
576 2157 714 2214 proceres
730 2140 853 2214 Phrygia
867 2158 947 2197 arma
960 2149 1147 2211 tremescunt,

192 2254 270 2292 nunc
285 2244 314 2291 et
328 2233 457 2310 Tydides
472 2246 502 2293 et
518 2237 683 2294 Larissaeus
701 2237 835 2309 Achilles,

190 2333 283 2390 amnis
298 2343 328 2390 et
344 2332 507 2391 Hadriacas
521 2344 597 2392 retro
612 2333 683 2409 sugit
699 2335 821 2393 Aufidus
834 2336 938 2393 undas.

190 2431 245 2487 Vel
260 2449 328 2488 cum
343 2449 374 2488 se
390 2432 527 2506 pavidum
543 2442 646 2489 contra
660 2451 726 2490 mea
738 2433 828 2507 iurgia
843 2433 925 2508 fingit

190 2529 306 2586 artificis
320 2530 414 2586 scelus
429 2539 459 2587 et
472 2530 626 2588 formidine
643 2531 753 2587 crimen
769 2531 895 2588 acerbat.

191 2627 362 2701 Numquam
377 2628 505 2685 animam
518 2629 606 2686 talem
621 2629 724 2685 dextra
738 2628 803 2699 hac,
820 2629 927 2686 absiste
942 2629 1061 2699 moveri,

190 2726 324 2783 amittes:
347 2725 458 2782 habitet
472 2735 573 2783 tecum
588 2736 617 2783 et
632 2727 667 2784 sit
682 2737 803 2802 pectore
819 2725 848 2783 in
865 2727 928 2784 ist0.

191 2823 279 2879 Nunc
294 2821 332 2880 ad
347 2833 376 2879 te
391 2832 420 2879 et
435 2834 485 2880 tua
499 2841 613 2898 magna,
630 2835 721 2898 pater,
737 2824 871 2881 consulta
885 2833 1020 2882 revertor.
1201 2836 1246 2880 410

190 2921 218 2978 Si
234 2920 341 2978 nullam
356 2921 460 2978 nostris
475 2920 548 2978 ultra
563 2940 647 2997 spem
662 2923 748 2997 ponis
763 2923 792 2979 in
807 2923 909 2992 armis,¹

189 3018 212 3075 si
228 3029 287 3075 tam
303 3017 410 3076 deserti
424 3038 523 3077 sumus
539 3030 569 3077 et
583 3021 673 3078 semel
689 3021 805 3096 agmine
820 3038 904 3077 verso

189 3116 318 3174 funditus
333 3116 496 3175 occidimus
513 3136 609 3192 neque
625 3118 713 3176 babet
729 3120 857 3176 Fortuna
871 3137 1043 3194 regressum,

189 3231 305 3272 oremus
320 3232 426 3288 pacem
441 3225 471 3273 et
486 3214 601 3274 dextras
617 3215 772 3274 tendamus
787 3216 894 3293 inertis.

190 3313 376 3386 Quamquam
392 3312 429 3382 O,
446 3313 468 3370 si
485 3314 584 3370 solitae
601 3314 758 3388 quicquam
773 3313 884 3371 virtutis
898 3313 1034 3371 adesset!
1202 3322 1246 3368 415

190 3411 242 3468 Ille
258 3411 327 3468 mihi
343 3422 411 3470 ante
426 3411 498 3468 alios
514 3411 734 3485 fortunatusque
749 3410 879 3468 laborum

189 3509 380 3584 egregiusque
395 3509 494 3580 animi,
510 3510 568 3583 qui,
584 3507 696 3582 nequid
710 3510 766 3566 tale
782 3508 902 3579 videret,

188 3606 344 3680 procubuit
360 3606 485 3664 moriens
500 3617 529 3665 et
545 3607 667 3665 humum
681 3607 773 3665 semel
787 3624 838 3664 ore
854 3605 1022 3663 momordit.

189 3703 239 3761 Sin
254 3712 283 3760 et
298 3720 371 3778 opes
385 3703 470 3761 nobis
486 3716 516 3761 et
530 3704 628 3763 adhuc
642 3705 752 3762 intacta
767 3706 901 3762 iuventus

405 3828 439 3862 ⁴⁰⁴
451 3830 585 3876 Larisaeus.
602 3833 630 3876 R.
862 3831 986 3877 ⁴1⁸semul.
1001 3832 1031 3878 R.
