2742 4284
151 310 259 373 1.383.]
458 300 561 383 Srgns
583 301 624 382 os
640 300 721 362 Bad
749 298 904 364 Weathar.

151 485 201 545 det
215 495 313 544 motus
328 485 540 561 incompositos
555 495 584 543 et
599 486 729 543 carmina
744 484 832 543 dicat.

190 586 288 659 Atque
302 583 378 642 haec
391 593 423 642 ut
438 584 524 642 certis
535 601 689 659 possemus
704 583 818 641 discere
833 583 929 658 signis,

150 690 305 757 aestusque
320 681 491 757 pluviasque
506 690 535 740 et
549 681 661 756 agentis
675 681 781 757 frigora
794 690 907 752 ventos,

151 781 213 856 ipse
229 789 311 855 pater
325 779 433 852 statuit,
449 778 522 856 quid
536 789 684 838 menstrua
698 779 767 837 luna
781 788 924 850 moneret,

150 896 210 953 quo
224 878 310 956 signo
326 876 465 938 caderent
479 878 574 950 austri,
591 877 662 954 quid
677 896 765 954 saepe
779 877 913 936 videntes

150 975 294 1052 agricolae
309 976 429 1052 propius
444 977 561 1034 stabulis
576 985 709 1034 armenta
722 986 864 1034 tenerent.

151 1074 300 1133 Continuo
314 1074 408 1132 ventis
423 1075 605 1150 surgentibus
621 1083 670 1132 aut
685 1074 756 1131 freta
770 1074 854 1149 ponti

149 1171 294 1248 incipiunt
307 1172 414 1247 agitata
428 1181 593 1230 tumescere
608 1182 637 1230 et
652 1171 750 1229 aridus
764 1171 828 1229 altis

150 1269 299 1328 montibus
314 1269 405 1328 audiri
420 1269 524 1345 fragor,
537 1279 588 1327 aut
601 1269 768 1328 resonantia
780 1269 868 1345 longe

149 1368 233 1425 litora
248 1367 361 1425 misceri
378 1377 407 1424 et
422 1384 577 1426 nemorum
592 1367 808 1425 increbrescere
823 1385 960 1426 murmur.

151 1468 216 1524 Iam
231 1464 285 1523 sibi
300 1475 361 1523 tum
376 1465 471 1524 curvis
486 1465 561 1524 male
576 1475 721 1540 temperat
735 1464 815 1524 unda
829 1466 942 1537 carinis,

151 1582 219 1622 cum
234 1563 333 1622 medio
348 1563 457 1621 celeres
473 1563 602 1622 revolant
617 1581 654 1621 ex
669 1581 796 1639 aequore
811 1564 901 1639 mergi

151 1661 368 1737 clamoremque
383 1661 478 1719 serunt
492 1661 530 1719 ad
545 1661 637 1733 litora,
654 1679 782 1736 cumque
796 1661 923 1718 marinae

151 1760 276 1818 insieco
291 1757 396 1818 ludunt
410 1759 524 1831 fulicae,
540 1769 683 1834 notasque
699 1756 821 1835 paludes

151 1857 259 1916 deserit
273 1866 361 1933 atque
376 1858 463 1916 altam
479 1875 566 1932 supra
580 1857 657 1915 volat
671 1856 761 1915 ardea
774 1857 892 1915 nubem.

151 1957 245 2032 Saepe
261 1956 349 2014 etiam
363 1956 459 2015 stellas
474 1965 563 2014 vento
578 1955 772 2031 impendente
786 1954 898 2012 videbis

151 2054 325 2130 praecipites
339 2054 423 2111 caelo
436 2054 503 2125 labi,
519 2054 672 2128 noctisque
690 2071 742 2129 per
756 2052 889 2111 umbram

151 2152 333 2209 flammarum
347 2152 450 2228 longos
464 2171 482 2210 a
496 2161 578 2227 tergo
593 2151 741 2210 albescere
758 2159 885 2222 tractus,

151 2268 240 2325 saepe
255 2249 349 2307 levem
363 2250 478 2324 paleam
493 2259 522 2306 et
537 2249 655 2307 frondes
670 2250 789 2306 volitare
804 2247 940 2319 caducas,

151 2357 200 2405 aut
215 2366 328 2405 summa
342 2348 437 2405 nantis
453 2347 481 2404 in
498 2365 573 2421 aqua
587 2346 737 2404 colludere
752 2345 874 2421 plumas.

151 2448 190 2503 At
205 2447 316 2502 Boreae
332 2445 370 2503 de
386 2455 466 2520 parte
483 2445 571 2501 trucis
586 2464 655 2502 cum
669 2444 810 2515 fulminat,
827 2454 938 2500 etcum

152 2543 281 2618 Eurique
296 2542 481 2619 Zephyrique
497 2552 580 2600 tonat
594 2542 719 2600 domus:
743 2543 842 2600 omnia
856 2542 949 2617 plenis

150 2661 216 2699 rura
230 2650 331 2698 natant
344 2641 437 2712 fossis,
453 2651 541 2715 atque
558 2641 654 2698 omnis
669 2640 766 2697 navita
780 2650 872 2715 ponto

151 2737 252 2798 umida
265 2739 329 2796 vela
343 2738 421 2814 legit.-
464 2739 634 2813 Numquam
649 2737 872 2814 inprudentibus
886 2738 981 2816 imber

151 2837 262 2896 obfuit:
285 2846 335 2894 aut
349 2837 429 2894 illum
444 2844 611 2912 surgentem
624 2836 745 2894 vallibus
760 2836 825 2893 imis
859 2825 862 2830 ’

151 2935 245 2993 aeriae
261 2935 359 3010 lugere
373 2953 468 3010 grues,
484 2943 533 2992 aut
547 2933 654 2992 bucula
669 2934 783 2991 caelum

151 3032 313 3107 suspiciens
328 3033 432 3107 patulis
448 3032 575 3108 captavit
588 3031 706 3090 naribus
720 3050 813 3102 auras,

151 3139 201 3187 aut
215 3141 315 3205 arguta
328 3129 409 3195 lacus
424 3130 663 3188 circumvolitavit
676 3128 803 3187 hirundo

152 3237 181 3285 et
194 3237 322 3285 veterem
337 3228 367 3285 in
381 3227 452 3285 limo
467 3247 553 3286 ranae
569 3228 705 3286 cecinere
720 3227 877 3303 querelam.

152 3325 274 3400 Saepius
290 3335 319 3383 et
333 3326 417 3384 tectis
432 3327 628 3401 penetralibus
643 3327 744 3384 extulit
758 3345 813 3383 ova

152 3434 306 3500 angustum
322 3424 443 3481 formica
457 3434 552 3482 terens
568 3425 631 3494 iter,
647 3435 676 3481 et
691 3425 764 3482 bibit
777 3424 880 3498 ingens

151 3541 244 3594 arcus,
260 3532 290 3578 et
305 3540 320 3578 e
336 3531 420 3597 pastu
436 3521 586 3580 decedens
602 3522 719 3596 agmine
735 3541 843 3597 magno

152 3637 307 3677 corvorum
323 3619 467 3692 increpuit
483 3618 580 3677 densis
596 3620 741 3677 exercitus
756 3620 817 3677 alis.

152 3719 216 3775 Iam
228 3717 322 3773 variae
337 3715 433 3791 pelagi
447 3716 579 3774 volucres
595 3726 624 3802 et
639 3735 715 3792 quae
730 3717 799 3774 Asia
813 3718 924 3774 circum

367 3844 400 3878 ³⁰⁰
417 3860 432 3889 a
442 3847 530 3892 curvis.
546 3848 603 3892 Eds.
810 3846 842 3878 ³⁰⁴
857 3853 949 3903 supera.
966 3847 995 3892 R.
