2742 4284
192 273 234 334 68
481 267 646 330 Ascanius
668 266 707 327 K
707 265 763 327 ilo
785 265 956 328 Remulus.

194 473 302 530 perque
318 463 406 530 caput
420 453 537 512 Remuli
551 453 631 510 venit
646 462 675 509 et
691 470 762 508 cava
778 460 912 526 tempora
925 451 1000 508 ferro

194 552 296 610 traicit.
339 553 382 623 ‘I,
398 551 490 608 verbis
505 551 638 608 virtutem
654 547 753 606 inlude
768 549 919 623 superbis!
970 607 975 617 ,

194 649 251 706 His
265 649 344 724 capti
357 648 485 724 Phryges
500 648 573 705 haec
589 646 704 704 Rutulis
719 664 859 721 responsa
872 647 1041 704 remittunt!

195 747 265 803 Hoc
280 756 392 805 tantum
406 747 556 804 Ascanius.
599 743 706 802 'leucri
720 744 846 801 clamore
861 753 1021 818 sequuntur

129 857 131 862 ·
193 843 357 920 laetitiaque
372 844 498 902 fremunt
511 844 683 917 animosque
698 841 737 899 ad
751 839 847 899 sidera
860 841 972 899 tollunt.

193 942 329 1000 Aetheria
343 951 405 999 turn
418 942 491 999 forte
506 941 591 1016 plaga
605 939 724 996 crinitus
740 940 845 1014 Apollo

178 1041 180 1045 ’
193 1039 319 1114 desuper
332 1040 475 1098 Ausonias
490 1040 567 1096 acies
582 1023 742 1113 urbemque
757 1037 884 1109 videbat,

193 1136 269 1194 nube
285 1137 400 1208 sedens,
416 1147 503 1211 atque
519 1137 562 1194 his
576 1137 716 1194 victorem
732 1135 846 1193 adlatur
860 1136 975 1194 lulum:

194 1237 310 1293 ‘Macte
325 1254 402 1293 nova
415 1236 527 1305 virtute,
544 1253 633 1309 puer:
657 1236 699 1292 sic
715 1236 770 1292 itur
783 1235 822 1292 ad
837 1246 920 1306 astra,

193 1332 236 1390 dis
252 1334 348 1408 genite
364 1344 392 1391 et
407 1335 538 1409 geniture
553 1333 634 1392 deos.
678 1335 745 1391 Iure
760 1334 859 1391 omnia
873 1333 948 1390 bella

191 1441 278 1507 gente
294 1432 348 1490 sub
363 1433 495 1490 Assaraci
509 1432 568 1490 fato
583 1441 704 1489 ventura
718 1431 855 1502 resident,

192 1548 247 1587 nec
262 1541 290 1588 te
304 1531 393 1588 Troia
408 1531 503 1604 capit!
547 1530 636 1587 Simul
651 1530 724 1587 haec
740 1530 841 1587 effatus
855 1531 893 1587 ab
907 1530 966 1587 alto

191 1629 308 1686 aethere
323 1647 354 1686 se
370 1630 454 1699 misit,
471 1629 605 1703 spirantis
620 1627 750 1686 dimovet
764 1648 847 1686 auras

191 1727 407 1801 Ascaniumque
423 1728 503 1802 petit.
548 1729 654 1784 Forma
667 1737 730 1784 tum
744 1729 861 1785 vertitur
875 1729 932 1786 oris

190 1826 342 1899 antiquum
357 1825 385 1882 in
401 1826 515 1896 Buten3
542 1826 588 1882 hic
604 1826 754 1883 Dardanio
770 1827 914 1884 Anchisae

190 1922 314 1997 armiger
327 1932 394 1979 ante
409 1923 460 1980 luit
475 1922 609 1997 fidusque
626 1923 664 1980 ad
678 1924 778 1981 limina
792 1934 899 1996 custos,

89 2055 91 2061 ·
190 2030 252 2077 turn
267 2021 405 2078 comitem
421 2022 546 2078 Ascanio
561 2031 644 2096 pater
658 2021 780 2080 addidit.
824 2023 889 2081 Ibat
904 2022 1010 2098 Apollo

190 2118 289 2175 omnia
303 2119 444 2194 longaevo
460 2119 567 2191 similis,
583 2138 746 2194 vocemque
761 2121 949 2195 coloremque

190 2226 219 2273 et
229 2199 319 2274 'crinis
334 2217 416 2275 albos
432 2229 460 2274 et
475 2236 561 2274 saeva
575 2218 728 2274 sonoribus
743 2238 831 2289 arma,

189 2325 276 2389 atque
292 2314 335 2372 his
350 2314 502 2371 ardentem
518 2314 602 2372 dictis
617 2315 731 2373 adfatur
747 2317 860 2374 Iulum:

190 2413 248 2471 ‘Sit
262 2413 338 2482 satis,
355 2413 478 2484 Aenide‚
495 2414 557 2470 telis
572 2414 693 2488 impune
709 2414 880 2471 Numanum

189 2512 347 2586 oppetiisse
363 2512 437 2583 tuis3
460 2511 583 2585 primam
598 2511 674 2568 hanc
689 2511 741 2569 tibi
755 2532 877 2587 magnus
893 2512 998 2588 Apollo

189 2608 327 2665 concedit
340 2609 458 2666 laudem
474 2619 503 2666 et
517 2610 633 2683 paribus
647 2628 707 2666 non
722 2609 833 2668 invidet
847 2611 951 2667 armis:

188 2717 285 2764 cetera
298 2724 395 2780 parce,
412 2724 492 2781 puer,
509 2707 604 2764 bell0.’
648 2707 695 2765 Sic
709 2726 791 2764 orsus
806 2708 911 2782 Apollo

188 2804 315 2861 mortalis
331 2804 430 2861 medio
446 2814 580 2879 aspectus
596 2823 730 2862 sermone
745 2805 860 2880 reliquit

188 2911 218 2958 et
231 2901 334 2975 procul
348 2903 377 2958 in
392 2912 511 2960 tenuem
527 2921 563 2959 ex
578 2902 670 2960 oculis
686 2904 802 2960 evanuit
816 2891 924 2961 auram.

187 3001 340 3074 Agnovere
356 3000 446 3057 deum
461 3018 597 3074 proceres
612 3000 769 3075 divinaque
784 3001 842 3058 tela

188 3096 375 3156 Dardanidae
391 3099 613 3173 pharetramque
628 3099 696 3173 suga
710 3117 827 3156 sensere
842 3110 1006 3158 sonantem.

188 3195 267 3270 Ergo
282 3196 399 3254 avidum
413 3215 529 3272 pugnae
544 3196 630 3254 dictis
645 3215 680 3252 ac
695 3197 815 3253 numine
832 3197 943 3254 Phoebi

187 3294 344 3351 Ascanium
359 3294 524 3370 prohibent,
542 3294 595 3367 ipsi
611 3294 641 3350 in
657 3295 816 3351 certamina
830 3314 925 3352 rursus

187 3391 350 3450 succedunt
364 3393 534 3466 animasque
550 3391 579 3447 in
595 3401 695 3465 aperta
709 3392 837 3466 pericula
852 3392 977 3450 mittunt.

187 3491 214 3547 It
228 3490 338 3547 clamor
353 3491 419 3547 totis
434 3508 487 3564 per
501 3489 723 3563 propugnacula
737 3490 835 3560 muris

186 3587 342 3645 intendunt
356 3588 429 3645 acris
444 3605 527 3644 arcus
543 3589 718 3662 amentaque
734 3597 878 3662 torquent.
1195 3584 1233 3638 ⁶⁶5

186 3685 326 3744 Sternitur
340 3703 428 3744 omne
443 3685 537 3743 solum
551 3686 624 3755 telis,
641 3695 702 3743 tum
717 3694 801 3742 scuta
814 3703 962 3760 cavaeque

243 3813 276 3846 ⁶³4
291 3815 410 3871 transegit.
432 3815 458 3858 R.
470 3817 518 3857 and
530 3814 557 3858 C.
675 3813 707 3844 ⁵4⁶
723 3815 801 3858 mittit.
823 3815 855 3857 H.
971 3813 1003 3845 ⁶⁵⁸
1019 3815 1138 3860 Aeneade.
1154 3814 1185 3858 H.
