2742 4284
188 281 247 343 108
516 279 774 362 Burialcfftae
796 281 901 346 maa.

183 484 272 543 quarn
287 462 395 524 debere
410 462 501 524 vides.
544 464 658 525 Meritis
671 475 757 524 vacat
771 465 820 524 hic
833 467 886 524 tibi
899 468 978 526 solus

182 564 373 639 fortunaeque
389 563 480 623 locus.
524 564 594 623 Non
608 564 683 622 vitae
697 564 806 641 gaudia
819 583 937 641 quaero,

181 679 238 719 nec
252 661 304 734 fas,
320 659 374 720 sed
388 670 458 719 nato
475 662 572 720 Manis
586 662 712 737 perferre
727 662 782 721 sub
796 663 891 722 imos'

220 763 332 818 Aurora
346 759 457 817 interea
472 758 583 817 miseris
599 759 768 818 mortalibus
782 760 889 818 almam

181 857 322 916 extulerat
335 856 442 929 lucem,
457 857 584 915 referens
601 874 692 932 opera
705 867 794 932 atque
808 857 941 917 labores:

179 956 239 1014 iam
252 964 335 1032 pater
349 958 474 1026 Aeneas
489 953 547 1012 iarn
564 973 652 1013 curvo
668 955 698 1012 in
713 955 795 1013 litore
810 954 946 1014 Tarchon

180 1053 357 1111 constituere
371 1067 465 1130 pyras
510 1054 580 1110 Huc
596 1071 721 1128 corpora
734 1053 857 1129 quisque
872 1071 991 1112 suorum

180 1170 261 1210 more
276 1151 366 1210 tulere
380 1160 504 1228 patrum,
522 1151 721 1226 subiectisque
737 1151 851 1226 ignibus
868 1151 934 1209 atris

179 1249 315 1308 conditur
329 1250 359 1307 in
373 1250 507 1309 tenebras
523 1249 613 1308 altum
630 1250 753 1325 caligine
769 1249 893 1307 caelum.

179 1349 238 1406 Ter
251 1348 362 1406 circum
377 1366 518 1406 accensos
534 1342 623 1405 cincli
639 1348 813 1423 fulgentibus
828 1349 914 1406 armis

179 1444 333 1504 decurrere
347 1464 442 1521 rogos,
458 1456 501 1504 ter
515 1457 659 1506 maestum
679 1446 788 1504 funeris
803 1447 901 1522 ignem

88 1601 93 1611 ,
177 1544 332 1603 lustravere
347 1545 377 1602 in
392 1545 474 1620 equis
489 1544 671 1620 ululatusque
688 1562 738 1602 ore
754 1544 884 1616 dedere3

178 1644 320 1718 spargitur
334 1653 363 1701 et
377 1644 460 1701 tellus
475 1642 609 1715 lacrimis,
627 1652 803 1718 sparguntur
816 1652 846 1700 et
863 1661 960 1702 arma:

177 1740 198 1798 it
214 1741 295 1798 caelo
310 1741 477 1816 clamorque
492 1741 584 1800 virum
601 1741 778 1816 clangorque
794 1740 936 1799 tubarum.

180 1839 240 1894 Hic
255 1839 302 1895 alii
317 1839 410 1914 spolia
424 1838 530 1897 occisis
544 1838 666 1914 derepta
686 1839 796 1898 Latinis

178 1935 327 1993 coniciunt
341 1937 408 2012 igni,
424 1937 521 2012 galeas
536 1955 679 2012 ensesque
697 1936 822 1995 decoros

177 2033 316 2107 frenaque
330 2034 523 2110 ferventisque
537 2044 634 2108 rotas3
658 2054 724 2110 pars
739 2054 860 2094 munera
874 2045 953 2106 nota,

177 2131 306 2206 ipsorum
321 2131 431 2207 clipeos
446 2141 475 2190 et
489 2151 549 2190 non
564 2133 659 2191 felicia
671 2134 737 2192 tela.

177 2229 272 2287 Multa
284 2231 375 2288 bourn
389 2215 467 2288 circa
482 2240 645 2288 mactantur
664 2249 789 2307 corpora
803 2233 902 2304 Morti,

176 2328 391 2403 saetigerosque
409 2347 474 2386 sues
489 2338 644 2404 raptasque
663 2348 701 2387 ex
714 2331 850 2390 omnibus
864 2332 938 2407 agris

175 2427 206 2483 in
220 2426 366 2484 flammam
381 2427 509 2502 iugulant
523 2425 664 2502 pecudes.
711 2429 788 2486 Tum
802 2430 884 2488 litore
899 2440 962 2488 toto

138 2541 139 2544 ’
175 2523 302 2582 ardentis
317 2534 449 2600 spectant
464 2526 559 2584 socios
572 2503 762 2602 semustaque
778 2539 893 2586 servant

174 2624 259 2681 busta
274 2641 369 2697 neque
384 2623 467 2681 avelli
481 2634 612 2698 possunt,
632 2643 693 2684 nox
707 2625 808 2684 umida
822 2626 919 2684 donec

174 2721 288 2778 invertit
303 2721 417 2779 caelum
431 2722 521 2780 stellis
535 2721 704 2782 ardentibus
724 2734 836 2799 aptum.

215 2819 281 2876 Nec
296 2810 390 2877 minus
405 2829 435 2877 et
448 2819 544 2878 miseri
560 2821 674 2879 diversa
693 2821 724 2880 in
738 2831 819 2897 parte
835 2823 931 2882 Latini

172 2918 338 2975 innumeras
353 2927 481 2975 struxere
496 2937 589 2993 pyras,
611 2929 640 2976 et
654 2937 780 2994 corpora
793 2922 897 2994 partim

173 3016 263 3073 multa
277 3015 368 3073 virum
382 3025 475 3073 terrae
492 3016 638 3076 infodiunt
657 3027 818 3092 avectaque
833 3020 938 3094 partim

173 3113 310 3171 finitimos
326 3114 428 3171 tollunt
442 3115 472 3172 in
487 3134 571 3190 agros
591 3116 713 3191 urbique
729 3116 888 3189 remittunt,

173 3221 271 3268 cetera
284 3211 482 3287 confusaeque
501 3213 649 3288 ingentem
666 3214 766 3273 caedis
781 3233 917 3274 acervum

172 3328 228 3367 nec
243 3328 366 3367 numero
380 3329 436 3369 nec
452 3311 563 3370 honore
586 3322 736 3372 cremant:
758 3322 828 3371 tunc
843 3313 973 3389 undique
987 3313 1060 3372 vasti

172 3408 304 3466 certatim
321 3410 428 3468 crebris
446 3409 604 3468 conlucent
618 3411 733 3486 ignibus
749 3411 817 3487 agri.

172 3507 271 3565 Tertia
284 3506 333 3564 lux
349 3507 475 3583 gelidam
491 3508 574 3566 caelo
589 3508 751 3567 dimoverat
764 3509 915 3568 umbram:

171 3615 335 3664 maerentes
353 3605 441 3666 altum
457 3605 586 3664 cinerem
601 3616 631 3664 et
646 3607 768 3665 confusa
782 3607 905 3666 ruebant

172 3722 239 3762 ossa
253 3703 327 3761 focis
345 3703 504 3780 tepidoque
520 3704 680 3763 onerabant
695 3723 799 3780 aggere
815 3715 915 3763 terrae.

173 3803 237 3859 Iam
255 3820 324 3859 vero
338 3803 369 3859 in
383 3803 476 3874 tectis,
491 3801 657 3877 praedivitis
672 3803 742 3861 urbe
759 3803 862 3874 Latini,

1120 293 1241 358 [AErrnm.
