2742 4284
197 315 240 380 62
492 316 677 399 Mouming
688 319 753 398 for
773 318 827 380 tlte
849 318 952 382 Dcad.

198 503 268 561 ‘Me
283 519 340 574 me,
357 501 460 560 adsum
474 503 524 577 qui
539 502 604 573 leci,
619 503 649 559 in
664 521 712 560 me
727 505 886 562 convertite
901 505 1016 577 senum,

197 599 226 659 O
240 599 350 672 Rutuli,
365 617 432 656 mea
446 599 521 657 fraus
536 600 650 673 omnis,
672 599 743 659 nihil
758 602 811 659 iste
824 620 881 660 nec
896 621 982 661 ausus

196 714 252 756 nec
267 697 370 773 potuit,
385 696 500 754 caelum
514 696 572 755 hoc
586 707 616 755 et
630 699 752 756 conscia
764 700 860 758 sidera
872 709 971 771 testor,

196 804 309 854 tantum
323 793 470 854 infelicem
484 795 607 852 nimium
621 794 722 854 dilexit
737 798 884 856 amicum!

195 893 277 952 Talia
290 891 370 951 dicta
384 892 492 966 dabat;
513 893 567 952 sed
581 893 686 952 viribus
701 895 779 953 ensis
792 894 914 955 adactus

195 991 345 1052 transabiit
359 1001 456 1050 costas
471 1001 501 1050 et
514 991 642 1049 candida
655 1003 778 1067 pectora
790 995 907 1070 rumpit.

193 1091 325 1150 Volvitur
340 1089 481 1166 Euryalus
496 1090 564 1160 let0,
579 1090 775 1166 pulchrosque
790 1110 843 1167 per
856 1104 932 1150 artus

193 1190 214 1247 it
229 1207 323 1260 cruor,
338 1189 427 1263 inque
443 1205 558 1246 umeros
574 1188 670 1245 cervix
684 1189 825 1265 conlapsa
837 1191 998 1250 recumbit:

192 1303 353 1363 purpureus
368 1286 456 1344 veluti
471 1304 539 1343 cum
554 1274 607 1342 flos
622 1285 753 1344 succisus
767 1297 861 1346 aratro

191 1385 352 1459 languescit
367 1384 494 1441 moriens
508 1384 620 1440 lassove
635 1401 781 1458 papavera
794 1386 870 1444 collo

191 1483 335 1542 demisere
350 1492 448 1557 caput,
464 1482 560 1558 pluvia
574 1500 642 1539 cum
656 1483 730 1541 forte
743 1494 903 1559 gravantur.

189 1585 227 1640 At
243 1581 331 1640 Nisus
345 1581 402 1638 ruit
415 1580 446 1638 in
459 1580 573 1638 medios
588 1581 742 1655 solumque
756 1600 810 1655 per
823 1585 918 1640 omnis

188 1681 364 1740 Volcentem
378 1679 460 1754 petit,
476 1679 505 1735 in
519 1677 582 1736 solo
596 1678 739 1736 Volcente
755 1690 890 1738 moratur.

189 1778 287 1853 Quem
302 1777 413 1835 circum
428 1777 579 1852 glomerati
595 1776 693 1835 hostes
708 1777 777 1834 hinc
791 1781 956 1838 comminus
970 1792 1056 1856 atque
1071 1782 1141 1840 hinc

188 1875 367 1952 proturbant.
412 1876 504 1932 Instat
519 1891 578 1931 non
594 1874 682 1931 setius
697 1893 732 1931 ac
746 1886 821 1934 rotat
835 1894 935 1935 ensem

185 1973 366 2043 fulmineum,
382 1971 480 2029 donec
496 1972 596 2029 Rutuli
611 1971 762 2030 clamantis
777 1974 806 2031 in
821 1992 871 2032 ore

186 2070 320 2130 condidit
334 2069 457 2128 adverso
472 2079 501 2127 et
515 2070 642 2127 moriens
656 2072 783 2128 animam
797 2071 913 2130 abstulit
927 2074 1012 2132 hosti.

183 2172 261 2228 Tum
277 2187 364 2244 super
375 2169 546 2226 exanimum
561 2186 625 2226 sese
639 2169 762 2243 proiecit
775 2170 903 2228 amicum

183 2269 337 2326 confossus
353 2266 527 2342 placidaque
543 2265 583 2324 ibi
598 2266 720 2324 demum
734 2276 827 2325 morte
842 2270 958 2344 quievit.

224 2365 373 2424 Fortunati
389 2365 497 2423 ambo!
540 2363 640 2439 Siquid
656 2383 723 2423 mea
737 2367 865 2423 carmina
877 2378 1008 2442 possunt,

181 2465 260 2524 nulla
274 2464 337 2522 dies
352 2481 491 2538 umquam
508 2464 629 2521 memori
643 2481 695 2520 vos
710 2463 818 2521 eximet
831 2484 913 2536 aevo,

181 2563 253 2622 dum
268 2562 374 2621 domus
389 2565 507 2619 Aeneae
522 2561 649 2636 Capitoli
663 2562 811 2620 immobile
826 2582 927 2622 saxum

180 2663 294 2719 accolet
309 2662 521 2735 imperiumque
537 2669 619 2734 pater
633 2660 784 2718 Romanus
798 2661 925 2720 habebit.

220 2760 354 2841 Victores
369 2756 480 2834 praeda
494 2758 594 2815 Rutuli
608 2757 766 2832 spoliisque
781 2759 865 2833 potiti

178 2860 353 2917 Volcentem
369 2856 537 2914 exanimum
551 2855 653 2914 flentes
668 2857 698 2912 in
713 2866 807 2914 castra
820 2857 959 2916 ferebant.

179 2959 207 3015 N
210 2976 245 3015 ec
261 2957 355 3014 minor
370 2955 513 3012 incastris
528 2954 621 3012 luctus
637 2954 803 3012 Rhamnete
817 2967 932 3030 reperto

178 3057 317 3131 exsangui
333 3065 361 3112 et
377 3055 475 3130 primis
489 3073 548 3110 una
562 3063 604 3111 tot
620 3052 712 3110 caede
727 3055 894 3129 peremptis,

177 3155 359 3228 Serranoque
374 3154 540 3228 Numaque.
584 3153 692 3227 Ingens
707 3169 867 3209 concursus
881 3152 919 3209 ad
933 3154 997 3227 ipsa

177 3272 300 3329 corpora
315 3253 530 3326 seminecisque
545 3251 620 3309 viros
634 3249 794 3326 tepidaque
808 3261 957 3308 recentem

176 3352 269 3411 caede
285 3353 383 3410 locum
400 3362 430 3408 et
444 3352 548 3426 plenos
563 3350 710 3424 spumanti
724 3350 863 3424 sanguine
877 3350 961 3408 rivos.

175 3455 346 3527 Agnoscunt
362 3450 455 3525 spolia
470 3450 545 3507 inter
558 3467 589 3506 se
605 3449 777 3524 galeamque
791 3449 933 3506 nitentem

176 3549 305 3624 Messapi
321 3558 350 3606 et
365 3548 456 3606 multo
471 3548 603 3623 phaleras
618 3546 724 3605 sudore
739 3557 881 3623 receptas.

216 3647 254 3704 Et
268 3647 326 3704 iam
341 3646 435 3722 prima
448 3665 526 3705 novo
542 3647 697 3722 spargebat
712 3646 820 3703 lumine
835 3656 924 3703 terras

172 3744 292 3803 Tithoni
308 3761 447 3802 croceum
461 3745 595 3820 linquens
609 3747 722 3802 Aurora
735 3744 849 3801 cubile:

173 3843 231 3900 iarn
246 3841 306 3898 sole
321 3841 425 3912 infuso,
441 3841 498 3897 iam
512 3842 598 3898 rebus
612 3841 678 3897 luce
693 3841 812 3897 retectis
