2742 4284
167 302 293 362 lt11.126.]
411 289 541 352 Turnus
556 290 679 354 Arms:
703 292 835 356 AEncas
851 293 993 374 Accepta.

165 476 288 538 aedibus
303 475 447 547 adstabat,
462 475 588 534 validam
602 476 630 534 vi
644 477 763 554 corripit
777 477 898 549 hastam,

165 575 280 632 Actoris
296 573 425 630 Aurunci
439 573 573 647 spolium,
589 585 766 650 quassatque
781 585 954 634 trementem

165 672 345 729 vociferans:
370 672 487 740 ‘Nunc‚
504 670 531 728 O
546 690 709 746 numquam
723 672 857 732 frustrata
869 683 990 731 vocatus

166 770 249 828 hasta
263 787 355 840 meos,
370 787 449 827 nunc
464 779 580 844 tempus
594 769 697 828 adest:
720 785 749 828 te
764 771 907 829 maximus
922 775 1014 828 Actor

165 877 194 926 te
210 867 301 925 Turni
315 885 396 924 nunc
409 865 511 924 dextra
525 867 606 942 gerit.
650 868 699 925 Da
712 879 840 928 sternere
855 887 962 944 corpus

165 965 345 1041 loricamque
360 983 448 1022 manu
463 964 558 1022 valida
572 965 699 1024 lacerare
716 968 858 1025 revulsam

164 1063 289 1122 semiviri
305 1063 424 1139 Phrygis
438 1072 469 1120 et
481 1062 601 1121 foedare
616 1065 645 1121 in
660 1067 780 1139 pulvere
795 1066 882 1123 crinis

164 1163 289 1222 vibratos
304 1161 402 1219 calido
415 1162 491 1219 ferro
506 1181 660 1238 murraque
674 1163 841 1222 madentis!

166 1262 222 1320 His
237 1261 330 1336 agitur
344 1260 441 1332 suriis;
463 1270 584 1336 totoque
599 1260 727 1319 ardentis
742 1263 844 1322 abore

164 1359 305 1418 scintillae
320 1358 471 1430 absistunt,
485 1359 578 1416 oculis
594 1360 682 1417 micat
696 1361 811 1420 acribus
825 1360 917 1436 ignis:

165 1457 291 1533 mugitus
305 1456 393 1514 veluti
409 1474 477 1513 cum
492 1457 587 1532 prima
601 1457 630 1514 in
644 1458 755 1532 proelia
769 1468 865 1516 taurus

163 1555 304 1614 terrificos
319 1555 378 1611 ciet
392 1564 480 1629 atque
495 1555 579 1612 irasci
594 1555 623 1612 in
638 1573 750 1613 cornua
763 1566 897 1632 temptat,

163 1655 273 1713 arboris
287 1653 412 1712 obnixus
427 1662 540 1724 trunco,
556 1663 717 1730 ventosque
732 1655 847 1712 lacessit

163 1753 268 1811 ictibus
282 1762 332 1810 aut
346 1769 446 1827 sparsa
461 1751 500 1810 ad
514 1769 642 1827 pugnam
657 1752 786 1827 proludit
800 1771 896 1812 arena.

205 1852 271 1909 Nec
285 1852 381 1909 minus
396 1852 507 1908 interea
521 1852 658 1910 maternis
672 1869 775 1909 saevos
789 1851 819 1908 in
833 1852 920 1908 armis

163 1953 279 2008 Aeneas
293 1951 371 2007 acuit
386 1951 513 2008 Martem
529 1960 603 2007 etse
619 1951 739 2008 suscitat
752 1950 802 2020 ira,

163 2049 264 2107 oblato
278 2047 410 2124 gaudens
426 2049 567 2124 componi
581 2047 701 2108 foedere
715 2047 833 2119 bellum,

162 2156 225 2205 tum
239 2147 337 2205 socios
352 2147 513 2222 maestique
530 2156 642 2205 metum
656 2147 764 2204 solatur
779 2145 842 2216 Iuli,

163 2245 222 2302 sata
236 2245 358 2316 docens,
373 2245 492 2320 regique
508 2245 588 2303 iubet
602 2263 743 2320 responsa
757 2243 862 2301 latino

163 2352 244 2400 certa
257 2343 363 2400 referre
377 2343 453 2401 viros
468 2352 497 2400 et
513 2342 594 2418 pacis
609 2341 709 2400 dicere
722 2343 812 2416 leges.

205 2443 325 2499 Postera
338 2441 386 2498 vix
400 2459 531 2499 summos
545 2440 700 2516 spargebat
714 2439 823 2497 lumine
838 2440 947 2500 montis

162 2548 227 2597 orta
240 2537 312 2608 dies,
330 2557 398 2595 cum
414 2536 542 2613 primum
556 2538 616 2595 alto
630 2555 661 2595 se
677 2538 788 2612 gurgite
803 2537 908 2595 tollunt

162 2637 230 2695 solis
245 2635 313 2711 equi
327 2636 484 2710 lucemque
499 2635 579 2694 elatis
595 2635 712 2693 naribus
727 2635 845 2693 efflant:

162 2753 302 2811 eampum
319 2733 359 2792 ad
373 2744 523 2793 certamen
539 2751 661 2808 magnae
677 2734 731 2792 sub
746 2733 900 2791 moenibus
914 2733 993 2792 urbis

163 2831 289 2892 dimensi
305 2832 463 2907 Rutulique
479 2832 529 2890 viri
544 2831 711 2906 Teucrique
726 2830 867 2906 parabant

163 2931 193 2988 in
207 2930 366 3005 medioque
382 2931 464 2988 focos
479 2940 508 2987 et
523 2928 568 2988 dis
583 2929 789 2987 communibus
804 2945 866 2986 aras

162 3029 337 3104 gramineas.
379 3029 435 3086 Alii
450 3027 794 3103 fontemqueignemque
808 3027 948 3098 serebant,

163 3127 248 3185 velati
262 3127 333 3184 limo
347 3137 376 3185 et
390 3127 518 3185 verbena
531 3136 668 3201 tempora
680 3125 779 3183 vincti.

164 3223 301 3282 Procedit
315 3225 390 3300 legio
406 3224 600 3294 Ausonidum,
616 3224 762 3298 pilataque
777 3223 870 3299 plenis
893 3247 895 3251 ¹

163 3323 280 3397 agmina
294 3341 326 3380 se
341 3319 468 3380 fundunt
482 3323 582 3398 portis
626 3323 708 3379 Hinc
722 3323 827 3378 Troius
841 3322 936 3379 omnis

162 3419 387 3496 Tyrrhenusque
403 3421 459 3478 ruit
473 3419 557 3478 variis
573 3421 717 3477 exercitus
731 3420 828 3490 armis,

163 3516 243 3576 haud
257 3536 342 3575 secus
357 3517 489 3575 instructi
502 3518 586 3589 ferro,
603 3537 692 3592 quam
707 3518 731 3575 si
745 3535 848 3592 aspera
863 3518 965 3574 Martis

162 3633 261 3692 pugna
275 3625 380 3688 vocet3
402 3635 458 3674 nec
473 3635 534 3673 non
548 3614 653 3673 mediis
668 3616 698 3672 in
713 3614 829 3673 milibus
843 3614 899 3689 ipsi

163 3711 301 3771 ductores
315 3732 387 3772 auro
400 3714 522 3773 volitant
536 3723 673 3789 ostroque
689 3713 799 3784 decori,

375 3843 408 3876 1⁰²
417 3845 536 3890 absiliunt.
553 3844 610 3890 Eds.
819 3843 851 3876 ¹²⁰
860 3843 960 3901 superbi·
976 3844 1005 3890 l?·
