2742 4284
215 305 259 382 64
494 301 560 364 The
581 301 708 364 Rutuli
729 301 807 364 Fire
827 323 850 364 a
878 303 909 365 T
904 325 998 368 muer.
1147 314 1258 378 [AEurrn.

216 487 340 546 invisum
355 485 414 546 hoc
428 485 553 546 detrude
568 497 658 562 caput
672 488 730 546 sub
742 489 864 546 Tartara
875 490 944 561 telo,

215 583 335 661 quando
352 585 433 642 aliter
446 603 564 662 nequeo
579 583 731 644 crudelem
744 586 918 661 abrumpere
933 587 1040 646 vitam!

217 684 286 741 Hoc
302 682 371 740 fletu
387 683 523 740 concussi
538 681 636 753 animi,
652 693 839 758 maestusque
854 703 908 759 per
921 686 1018 742 omnis

215 782 237 838 it
250 781 394 856 gemitus:
418 789 537 855 torpent
551 779 690 839 infractae
704 780 743 838 ad
758 782 869 856 proelia
882 783 965 840 vires.

217 879 299 936 Illam
316 877 525 936 incendentem
540 878 636 936 luctus
652 877 760 937 Idaeus
774 889 806 937 et
818 881 909 937 Actor

217 975 331 1034 Illionei
347 976 459 1034 monitu
476 986 505 1033 et
521 976 644 1034 multum
658 976 834 1035 lacrimantis
848 977 904 1036 Iuli

105 1107 110 1114 -
173 1104 177 1112 ·
216 1074 376 1149 corripiunt
392 1074 524 1149 interque
541 1092 644 1132 manus
659 1075 715 1132 sub
728 1084 807 1132 tecta
821 1086 975 1150 reponunt.

257 1173 295 1229 At
308 1173 379 1230 tuba
394 1172 551 1230 terribilem
566 1172 695 1230 sonitum
709 1173 811 1248 procul
826 1191 893 1231 aere
907 1191 1017 1231 canoro

215 1271 379 1345 increpuit;
404 1271 533 1345 sequitur
549 1270 660 1329 clamor
674 1271 847 1346 caelumque
861 1273 995 1346 remugit

217 1366 392 1425 Adcelerant
408 1377 474 1425 acta
490 1369 599 1443 pariter
611 1369 759 1427 testudine
772 1370 874 1427 Volsci

216 1474 246 1521 et
260 1465 350 1523 fossas
367 1466 487 1541 implere
505 1477 607 1542 parant
622 1485 658 1523 ac
672 1467 778 1525 vellere
791 1468 907 1525 vallum.

217 1561 368 1635 Quaerunt
382 1581 449 1638 pars
465 1562 577 1622 aditum
594 1575 624 1622 et
638 1565 722 1622 scalis
736 1564 897 1622 ascendere
910 1584 1018 1636 muros,

216 1678 275 1735 qua
288 1679 353 1718 rara
367 1671 411 1719 est
427 1663 505 1719 acies
522 1663 736 1736 interlucetque
751 1680 862 1719 corona

216 1775 275 1814 non
290 1767 351 1814 tam
366 1758 458 1834 spissa
475 1759 551 1817 viris
595 1760 735 1818 Telorum
749 1759 900 1818 effundere
913 1771 1017 1818 contra

216 1873 305 1911 omne
319 1873 412 1930 genus
429 1858 536 1914 Teucri
552 1877 586 1914 ac
603 1856 681 1914 duris
696 1857 853 1914 detrudere
867 1858 970 1929 contis,

215 1950 330 2010 adsueti
344 1953 432 2029 longo
449 1973 547 2012 muros
562 1954 722 2012 defendere
736 1955 823 2014 bello.

216 2051 290 2108 Saxa
303 2068 422 2126 quoque
439 2051 545 2110 infesto
560 2053 716 2111 volvebant
729 2053 870 2128 pondere,
886 2054 969 2127 siqua

215 2159 335 2222 possent
350 2159 458 2206 tectam
474 2151 569 2207 aciem
581 2169 771 2225 perrumpere
783 2173 789 2208 ε
812 2169 881 2208 cum
894 2160 993 2208 tamen
1007 2151 1102 2208 omnis

214 2246 287 2304 ferre
302 2248 379 2306 iuvat
395 2250 495 2307 subter
511 2249 604 2307 densa
619 2249 766 2307 testudine
781 2268 886 2322 casus,

214 2362 271 2401 nec
285 2345 343 2402 iam
359 2346 514 2404 sufficiunt.
559 2348 638 2405 Nam
653 2366 713 2422 qua
726 2347 829 2422 globus
843 2347 975 2405 imminet
988 2347 1100 2422 ingens,

213 2442 372 2501 immanem
387 2445 495 2502 Teucri
512 2445 619 2502 molem
636 2445 812 2519 volvuntque
826 2455 981 2520 ruuntque,

213 2559 288 2615 quae
304 2542 402 2600 stravit
419 2543 544 2600 Rutulos
559 2543 615 2600 late
631 2560 836 2616 armorumque
850 2543 966 2600 resolvit

212 2640 348 2713 tegmina.
394 2641 460 2698 Nec
476 2650 578 2698 curant
594 2658 685 2698 caeco
700 2639 880 2697 contendere
895 2641 991 2697 Marte

211 2737 333 2811 amplius
349 2737 477 2796 audaces
493 2739 602 2808 Rutuli,
618 2737 672 2796 sed
686 2739 794 2812 pellere
808 2739 883 2795 vallo

211 2833 364 2893 missilibus
383 2845 505 2893 certant.

212 2933 294 2989 Parte
309 2932 365 2990 alia
382 2932 544 2992 horrendus
560 2933 621 2990 visu
638 2934 793 3008 quassabat
808 2935 962 2993 Etruscam
1011 2983 1015 2989 .

209 3029 311 3101 pinum
326 3040 355 3088 et
371 3031 518 3089 fumiferos
535 3032 620 3088 insert
636 3033 802 3090 Mezentius
816 3033 909 3108 ignis3

208 3135 239 3184 at
253 3118 406 3205 Messapus
425 3148 532 3205 equum
549 3128 686 3200 domitor,
703 3130 854 3205 Neptunia
866 3131 972 3205 proles,

207 3225 346 3283 rescindit
361 3228 466 3286 vallum
485 3238 513 3286 et
528 3227 621 3286 scalas
636 3228 665 3285 in
680 3228 797 3286 moenia
811 3229 915 3303 poscit.

246 3324 316 3394 Vos,
332 3343 350 3382 o
367 3326 508 3403 Calliope,
527 3346 640 3403 precor,
659 3326 804 3402 adspirate
818 3326 945 3397 canenti,

206 3437 277 3494 quas
292 3422 331 3480 ibi
346 3433 408 3482 tum
423 3427 498 3483 ferro
517 3436 635 3502 strages,
652 3445 727 3502 quae
742 3426 844 3484 lunera
856 3427 972 3483 Turnus

205 3517 338 3593 ediderit,
355 3541 443 3599 quern
462 3526 585 3600 quisque
600 3525 692 3583 virum
708 3524 857 3583 demiserit
871 3524 970 3596 Orco;

204 3625 234 3674 et
247 3637 364 3678 mecum
382 3622 507 3697 ingentis
524 3641 588 3682 oras
603 3624 726 3682 evolvite
741 3623 818 3683 belli.

206 3712 254 3793 [ct
267 3720 437 3778 utemim'stz's
453 3722 540 3793 enim,
556 3721 649 3793 diuae,
666 3729 697 3778 et
708 3739 871 3780 memorare
877 3720 1014 3800 potestis]

653 3848 686 3882 ⁶1³
700 3863 764 3894 num.
784 3850 813 3896 R
