2742 4284
235 344 270 404 18
438 339 533 417 June
555 339 699 422 Herself
718 338 806 402 Stirs
831 351 873 420 pp
896 339 950 401 tlte
981 339 1064 400 War.

229 536 306 584 stant
320 525 388 585 beili
402 542 518 596 causae,
533 534 677 600 pugnatur
692 525 857 582 cornminus
872 525 967 594 armis,

229 642 303 698 quae
319 624 377 682 lors
391 627 486 698 prima
500 621 582 680 dedit
596 623 712 697 sanguis
727 640 822 680 novus
835 622 939 679 imbuit
953 641 1043 680 arma.

228 722 311 779 Talia
325 721 461 804 coniugia
475 729 504 779 et
518 720 581 777 talis
596 720 745 778 celebrent
759 719 937 794 hymenaeos

228 820 375 896 egregium
389 818 511 876 Veneris
525 835 616 892 genus
632 827 661 874 et
676 834 726 873 rex
741 817 803 891 ipse
819 818 946 876 Latinus.

227 920 271 976 Te
286 936 373 993 super
386 916 528 974 aetherias
543 933 635 972 errare
653 916 786 973 licentius
802 935 885 975 auras

228 1016 306 1074 haud
321 1026 404 1092 pater
418 1017 464 1072 ille
479 1015 556 1086 velit,
571 1015 676 1072 summi
691 1024 827 1090 regnator
841 1016 977 1091 Olympi:

228 1114 302 1172 cede
317 1115 408 1184 locis;
432 1131 497 1188 eg0,
512 1115 596 1188 siqua
610 1131 697 1188 super
712 1114 826 1171 fortuna
840 1114 970 1171 laborum
985 1125 1038 1185 est,

227 1212 290 1287 ipsa
304 1213 422 1286 regarn.’
465 1210 543 1268 Talis
558 1209 680 1268 dederat
696 1212 827 1270 Saturnia
841 1230 937 1269 voces.

229 1311 281 1368 llla
294 1319 393 1368 autem
407 1310 509 1367 attollit
522 1309 671 1367 stridentis
687 1310 829 1383 anguibus
843 1311 903 1368 alas

228 1408 392 1483 Cocytique
407 1408 479 1482 petit
493 1407 606 1478 sedem,
622 1426 728 1482 supera
742 1406 833 1465 ardua
847 1408 989 1483 linquens.

228 1507 280 1563 Est
294 1506 376 1564 locus
392 1505 492 1563 Italiae
508 1505 607 1563 medio
622 1506 676 1562 sub
692 1506 840 1563 montibus
854 1506 926 1576 altis,

227 1605 330 1662 nobilis
345 1613 375 1662 et
389 1605 466 1661 fama
480 1604 577 1662 multis
591 1614 771 1663 memoratus
786 1604 815 1660 in
831 1606 897 1674 oriS,

225 1704 374 1761 Amsancti
383 1702 488 1760 valles:
512 1702 610 1759 densis
626 1702 707 1758 hunc
721 1701 872 1759 frondibus
887 1713 981 1759 atrum

228 1810 329 1874 urguet
344 1801 488 1873 utrimque
504 1800 578 1856 latus
593 1799 730 1870 nemoris,
746 1798 905 1873 medioque
920 1800 1049 1874 fragosus

228 1897 278 1954 dat
293 1898 420 1954 sonitum
435 1898 510 1954 saxis
527 1905 556 1953 et
571 1905 647 1954 torto
661 1896 770 1953 vertice
786 1907 908 1955 torrens,

230 1995 290 2052 Hic
305 2013 410 2070 specus
425 1993 603 2051 horrendum
619 2004 649 2051 et
663 1995 742 2052 saevi
756 1995 901 2069 spiracula
915 1997 990 2053 Ditis

228 2102 430 2164 monstrantur,
446 2102 592 2168 ruptoque
609 2093 710 2167 ingens
725 2093 893 2151 Acheronte
907 2111 1015 2167 vorago

228 2191 375 2265 pestiferas
390 2192 482 2265 aperit
498 2191 606 2262 fauces,
622 2191 685 2265 quis
701 2191 821 2248 condita
837 2192 949 2266 Erinys,

228 2288 352 2346 invisum
366 2307 485 2359 numen,
500 2300 590 2346 terras
606 2290 779 2364 caelumque
795 2289 917 2347 levabat.

269 2386 334 2443 Nec
349 2386 443 2443 minus
459 2387 568 2443 interea
582 2396 742 2443 extremam
757 2387 889 2445 Saturnia
902 2387 979 2444 bello

227 2483 351 2558 imponit
364 2485 465 2558 regina
479 2503 607 2542 manum.
652 2484 723 2541 Ruit
737 2485 832 2542 ornnis
847 2485 876 2540 in
891 2485 993 2542 urbem

227 2591 376 2656 pastorum
392 2599 428 2638 ex
443 2582 505 2638 acie
520 2601 658 2639 numerus
673 2600 833 2657 caesosque
848 2592 996 2656 reportant

227 2679 383 2736 Almonem
398 2697 520 2754 puerum
535 2679 706 2754 foedatique
722 2698 773 2736 ora
788 2679 904 2740 Galaesi

228 2776 442 2858 implorantque
457 2776 531 2834 deos
545 2778 787 2851 obtestanturque
803 2778 947 2834 Latinum.

227 2859 342 2933 Turnus
357 2874 441 2932 adest
455 2875 613 2951 medioque
629 2876 658 2932 in
674 2877 796 2933 crimine
808 2875 907 2933 caedis
924 2888 953 2934 et
968 2877 1026 2952 igni

228 2983 367 3031 terrorem
382 2973 557 3048 ingeminat:
579 2975 713 3031 Teucros
724 2974 754 3031 in
768 2993 858 3048 regna
871 2976 980 3044 vocari,

228 3071 346 3146 stirpem
362 3070 518 3129 admisceri
535 3073 698 3147 Phrygiam,
713 3091 745 3130 se
760 3073 859 3129 limine
874 3072 951 3146 pelli.

233 3170 310 3227 Turn
325 3189 450 3244 quorum
464 3171 603 3228 attonitae
619 3171 740 3228 Baccho
755 3188 876 3228 nemora
890 3170 953 3226 avia
968 3181 1072 3227 matres

229 3268 365 3325 insultant
379 3268 477 3325 thiasis
498 3268 609 3344 (neque
625 3269 704 3326 enirn
719 3268 782 3326 leve
798 3286 906 3326 nomen
922 3266 1072 3342 Amatae),

228 3364 360 3440 undique
376 3366 491 3423 collecti
505 3377 615 3423 coeunt
630 3368 816 3441 Martemque
831 3366 958 3441 fatigant.

231 3463 314 3521 ilicet
327 3463 479 3522 infandum
496 3465 593 3521 cuncti
609 3474 712 3522 contra
727 3465 825 3522 omina
841 3463 958 3533 bellurn,

229 3551 331 3619 contra
345 3562 404 3620 lata
418 3562 508 3619 deum
523 3579 659 3636 perverso
674 3563 795 3619 numine
810 3570 946 3636 poscunt,

229 3661 361 3717 certatim
375 3660 450 3734 regis
465 3660 653 3717 circumstant
667 3668 746 3716 tecta
761 3660 864 3716 Latini.

230 3759 282 3817 Ille
297 3758 374 3815 velut
389 3758 484 3832 pelagi
499 3775 587 3830 rupes
601 3757 723 3814 immota
737 3755 849 3824 resistit,

459 3886 492 3919 ⁶⁶⁶
502 3887 607 3931 conubia.
624 3887 656 3931 H.
888 3883 922 3916 ⁵⁶²
932 3892 1009 3941 super.
1025 3886 1054 3932 R.

1160 347 1283 411 [AEuarn.
