2742 4284
169 300 211 366 30
339 286 500 348 Evander
513 286 712 369 Recogniaes
736 286 789 348 the
812 286 843 348 Τ
839 288 956 368 rojam.
1064 299 1071 309 ·
1099 295 1224 360 [AExnro.

168 484 197 529 et
212 473 344 547 procule
359 471 489 528 tumulo:
513 476 519 500 ‘
533 473 665 541 Iuvenes,
680 487 756 545 quae
770 490 859 529 causa
872 473 986 546 subegit

168 570 281 644 ignotas
296 577 438 643 temptare
452 569 521 639 vias,
536 587 596 643 quo
611 568 768 627 tenditis?’
789 569 892 644 inquit.

167 664 246 740 ‘Qui
259 668 371 741 genus?
412 665 501 725 Unde
516 664 628 724 domo?
670 669 816 724 Pacemne
832 667 890 724 huc
905 668 982 724 sertis
996 685 1035 724 an
1048 668 1166 724 arma?’

166 765 242 822 Tum
258 774 341 839 pater
355 767 470 822 Aeneas
484 765 576 839 puppi
592 766 634 821 sic
649 764 723 822 latur
737 765 775 823 ab
790 765 849 821 alta
1067 813 1071 818 .
1180 774 1222 818 115

167 862 368 937 paciferaeque
384 880 471 919 manu
486 881 600 919 ramum
615 862 780 936 praetendit
793 862 906 920 olivae:

167 960 363 1035 ‘Troiugenas
377 978 412 1016 ac
428 960 484 1016 tela
499 959 579 1017 vides
595 961 713 1017 inimica
728 961 846 1030 Latinis,

166 1076 241 1133 quos
256 1057 293 1115 illi
308 1057 384 1115 bello
399 1058 536 1132 profugos
551 1075 636 1132 egere
653 1058 791 1132 superbo.

168 1153 337 1214 Euandrum
352 1157 486 1230 petimus.
531 1157 554 1212 F
555 1165 615 1212 erte
631 1156 707 1212 haec
721 1166 750 1212 et
765 1154 855 1213 dicite
870 1157 962 1214 lectos

168 1251 333 1311 Dardaniae
349 1253 462 1310 venisse
477 1253 568 1310 duces
583 1253 665 1310 socia
679 1272 762 1310 arma
776 1256 923 1329 rogantis.¹

166 1352 315 1426 Obstipuit
330 1359 412 1408 tanto
426 1369 579 1425 percussus
594 1352 713 1408 nomine
730 1351 840 1409 Pallas:

167 1448 333 1524 ‘Egredere
348 1468 366 1507 o
381 1449 559 1524 quicumque
575 1451 624 1506 es’
640 1450 679 1506 ait
694 1453 872 1524 ‘coramque
887 1459 1037 1525 parentem

164 1547 324 1622 adloquere
339 1565 375 1604 ac
390 1547 494 1604 nostris
510 1547 638 1604 succede
654 1548 809 1621 penatibus
824 1548 931 1622 hospes
942 1550 968 1618 3’

165 1645 341 1720 excepitque
357 1664 443 1702 manu
461 1644 652 1720 dextramque
668 1646 818 1719 amplexus
834 1646 968 1703 inhaesit.

167 1743 311 1818 Progressi
326 1743 452 1800 subeunt
466 1743 533 1800 luco
548 1742 725 1817 fluviumque
740 1743 914 1817 relinquunt.

203 1841 282 1898 Tum
295 1858 395 1915 regem
412 1842 525 1897 Aeneas
539 1840 624 1898 dictis
639 1839 753 1898 adfatur
765 1842 886 1898 amicis:

165 1939 312 2013 ‘Optume
327 1938 535 2013 Graiugenum,
551 1939 599 1996 cui
614 1957 661 1996 me
677 1940 806 1995 Fortuna
819 1939 931 2013 precari

164 2046 194 2094 et
208 2036 278 2092 vitta
294 2047 429 2111 comptos
445 2037 533 2093 voluit
548 2036 741 2110 praetendere
756 2055 862 2106 ramos,

165 2154 225 2194 non
240 2135 379 2211 equidem
395 2135 524 2204 extimui,
542 2135 678 2191 Danaum
694 2132 775 2208 quod
790 2134 896 2191 ductor
909 2144 939 2190 et
953 2137 1043 2192 Arcas

164 2234 304 2310 quodque
319 2254 337 2292 a
351 2235 439 2308 stirpe
455 2233 530 2290 fores
544 2233 667 2307 geminis
683 2232 857 2289 coniunctus
873 2231 1001 2300 Atridis;

164 2332 217 2390 sed
231 2351 298 2390 mea
312 2351 359 2390 me
374 2333 462 2389 virtus
478 2341 508 2388 et
522 2341 623 2388 sancta
637 2331 756 2388 oracula
769 2329 870 2387 divom

165 2432 340 2506 cognatique
356 2439 460 2505 patres,
477 2439 527 2486 tua
541 2429 622 2485 terris
637 2426 732 2485 didita
745 2428 831 2497 sama,

164 2529 341 2586 coniunxere
356 2529 407 2586 tihi
422 2539 451 2585 et
467 2528 530 2585 satis
547 2545 632 2601 egere
648 2527 806 2583 volentem.

165 2627 328 2698 Dardanus
345 2628 452 2684 Iliacae
467 2627 576 2701 primus
591 2635 673 2699 pater
687 2626 765 2682 urbis
780 2635 809 2681 et
823 2635 934 2693 auctor,

165 2725 288 2794 Electra,
305 2736 335 2782 ut
350 2725 418 2783 Grai
434 2724 597 2799 perhibent,
617 2722 764 2780 Atlantide
780 2733 885 2792 cretuS,

163 2821 315 2881 advehitur
328 2824 477 2892 Teucros3
501 2822 648 2878 Electram
668 2839 820 2878 maxumus
837 2821 915 2876 Atlas

162 2920 264 2992 edidit,
279 2904 424 2978 aetherios
439 2937 541 2976 umero
555 2919 605 2993 qui
621 2920 743 2976 sustinet
757 2919 843 2976 orbes

162 3019 244 3076 vobis
260 3018 421 3076 Mercurius
436 3028 518 3092 pater
532 3028 584 3086 est,
601 3035 690 3090 quem
706 3015 835 3073 candida
850 3015 931 3072 Maia

162 3117 300 3191 Cyllenae
315 3115 414 3190 gelido
427 3126 607 3190 conceptum
622 3115 729 3170 vertice
746 3113 839 3185 sudit;

161 3224 190 3270 at
206 3214 325 3284 Maiam,
341 3212 446 3270 auditis
461 3213 484 3269 si
499 3213 659 3286 quicquam
676 3211 831 3281 credimus,
848 3210 937 3278 Atlas,

161 3311 241 3370 idem
256 3311 335 3368 Atlas
349 3321 478 3386 generat,
494 3311 566 3366 caeli
582 3310 631 3385 qui
645 3308 741 3366 sidera
754 3309 837 3365 tollit.

161 3411 208 3469 Sic
222 3427 313 3484 genus
328 3410 479 3466 amborum
495 3408 602 3464 scindit
617 3426 648 3464 se
663 3407 803 3480 sanguine
819 3406 856 3463 ab
872 3424 940 3462 un0.

163 3509 219 3565 His
233 3508 321 3564 fretus
335 3525 395 3564 non
410 3507 520 3581 legatos
535 3523 631 3581 neque
647 3504 741 3578 prima
755 3523 807 3578 per
820 3513 913 3560 artem

160 3615 371 3680 temptamenta
386 3605 426 3662 tui
442 3604 558 3678 pepigi:
581 3621 638 3673 me,
655 3619 702 3658 me
717 3602 779 3675 ipse
795 3618 953 3674 meumque

160 3703 257 3760 obieci
272 3711 360 3777 caput
375 3712 403 3758 et
418 3702 541 3776 supplex
556 3699 593 3757 ad
607 3700 709 3756 limina
722 3700 798 3755 veni.
1175 3709 1214 3752 145

191 3819 223 3852 ¹²⁶
233 3821 357 3864 relincunt.
374 3819 401 3864 R
460 3817 591 3862 1³1dtvum.
609 3818 642 3861 H.
703 3815 737 3847 1⁸⁸
747 3816 839 3859 Atlans.
857 3816 885 3860 R.
945 3815 977 3847 1⁴⁴
987 3819 1137 3860 tentamenta.
1153 3815 1186 3861 H.
