2742 4284
175 294 308 356 x11.196.]
492 283 558 346 The
576 285 672 346 Rites
693 285 734 366 of
747 285 805 387 the·
822 285 852 346 Τ
849 306 929 348 rucc.

175 468 349 544 quadriiugo
363 467 477 526 vehitur
491 487 585 541 curru,
600 469 647 526 cui
663 480 796 545 tempora
810 470 921 529 circum
962 495 965 500 ·

174 566 267 622 aurati
282 565 324 622 bis
339 583 391 623 sex
405 565 477 623 radii
488 566 627 641 fulgentia
641 567 771 642 cingunt,

175 663 248 723 Solis
263 663 308 720 avi
323 664 495 737 specimen,
517 663 590 738 bigis
606 663 627 720 it
641 666 756 722 Turnus
771 665 801 721 in
815 665 896 736 albis,

175 761 243 819 bina
257 779 346 817 mann
361 761 419 816 lato
435 760 565 835 crispans
580 759 693 818 hastilia
707 762 802 833 ferro;

173 861 243 917 hinc
257 869 340 934 pater
353 860 478 928 Aeneas,
495 859 648 916 Romanae
664 859 759 934 stirpis
773 859 864 934 origo,

172 957 288 1016 sidereo
303 956 426 1032 flagrans
441 956 539 1030 clipeo
553 965 582 1013 et·
597 956 772 1014 caelestibus
785 958 880 1029 armis,

173 1065 203 1113 et
217 1056 297 1112 iuxta
312 1054 464 1124 Ascanius,
480 1071 603 1128 magnae
619 1071 685 1128 spes
700 1053 789 1112 altera
804 1056 928 1126 Romae,

172 1152 338 1229 procedunt
353 1147 461 1221 castris,
477 1169 609 1226 puraque
625 1152 655 1208 in
669 1161 750 1209 veste
764 1152 902 1211 sacerdos

172 1251 304 1325 saetigeri
320 1250 411 1306 fetum
426 1249 484 1306 suis
499 1249 704 1322 intonsamque
720 1249 872 1308 bidentem

172 1348 275 1406 adtulit
289 1347 478 1423 admovitque
493 1365 586 1422 pecus
602 1346 788 1421 flagrantibus
802 1349 868 1406 aris.

173 1447 217 1505 Illi
231 1446 270 1504 ad
285 1454 451 1521 surgentem
466 1446 599 1502 conversi
616 1445 725 1503 lumina
740 1446 832 1504 solem

172 1543 244 1601 dant
258 1545 353 1620 fruges
370 1543 502 1601 manibus
517 1543 606 1600 salsas
621 1552 651 1600 et
665 1552 800 1619 tempora
813 1544 889 1602 ferro

171 1661 285 1700 summa
298 1650 400 1699 notant
414 1639 566 1717 pecudum
581 1641 747 1716 paterisque
763 1642 861 1699 altaria
875 1643 974 1702 libant.

170 1741 248 1798 Turn
260 1738 326 1815 pius
342 1741 459 1797 Aeneas
473 1738 572 1796 stricto
586 1738 628 1797 sic
643 1757 715 1796 ense
729 1749 881 1814 precatur:

171 1839 262 1895 ‘Esto
277 1856 357 1894 nunc
371 1837 419 1894 Sol
434 1836 514 1894 testis
530 1845 559 1893 et
575 1836 647 1893 lraec
665 1836 736 1894 mihi
750 1838 840 1895 Terra
854 1839 980 1910 vocanti,

170 1953 257 2010 quam
274 1945 393 2011 propter
407 1944 504 1992 tantos
519 1934 602 2009 potui
616 1936 743 2009 perferre
758 1935 880 2007 labores,

169 2043 199 2091 et
213 2043 296 2108 pater
310 2033 497 2108 omnipotens
511 2042 540 2090 et
555 2043 584 2089 tu
601 2032 733 2090 Saturnia
747 2034 886 2106 coniunx,

168 2131 227 2188 iarn
241 2131 352 2202 melior,
368 2131 436 2202 iam,
452 2128 529 2202 diva,
546 2148 659 2206 precor,
674 2141 765 2206 tuque
779 2130 887 2190 inclute
903 2134 1030 2204 Mavors,

168 2240 277 2287 cuncta
290 2238 341 2286 tuo
357 2228 406 2302 qui
420 2227 504 2299 bella,
519 2237 611 2302 pater,
627 2228 681 2286 sub
695 2229 816 2287 numine
830 2239 949 2305 torques
961 2252 969 2303 ;

168 2310 314 2402 fontisque
330 2326 491 2401 fluviosque
506 2344 591 2395 voco,
608 2345 743 2401 quaeque
758 2327 883 2386 aetheris
897 2329 946 2386 alti

168 2425 268 2499 religio
283 2433 312 2481 et
327 2442 402 2498 quae
418 2423 553 2481 caeruleo
569 2433 635 2481 sunt
650 2425 771 2481 numina
785 2436 897 2500 ponto:

167 2522 286 2580 cesserit
300 2521 430 2579 Ausonio
445 2521 469 2578 si
483 2521 541 2578 fors
557 2522 677 2580 victoria
691 2524 803 2595 Turn0,

167 2620 305 2677 convenit
321 2619 450 2676 Evandri
463 2618 557 2677 victos
572 2618 725 2677 discedere
740 2620 779 2678 ad
794 2622 907 2693 urbem,

167 2717 253 2774 cedet
269 2718 349 2776 Iulus
364 2717 447 2792 agris,
463 2735 520 2774 nec
534 2727 602 2793 post
615 2737 697 2776 arma
711 2719 768 2776 ulla
781 2719 904 2777 rebelles

166 2815 324 2872 Aeneadae
338 2815 463 2872 reserent
477 2815 589 2872 ferrove
605 2815 679 2874 haec
694 2834 784 2892 regna
797 2817 951 2890 lacessent,

165 2913 210 2971 sin
224 2923 355 2970 nostrum
370 2911 504 2970 adnuerit
520 2913 605 2970 nobis
619 2914 749 2972 Victoria
763 2916 889 2972 Martem

169 3010 216 3087 (ut
230 3011 327 3086 potius
341 3028 407 3067 reor
421 3021 449 3067 et
465 3011 562 3086 potius
578 3010 608 3068 di
623 3011 743 3070 numine
758 3011 904 3088 firment),

165 3126 224 3166 non
241 3127 296 3183 ego
310 3127 366 3165 nec
380 3107 501 3165 Teucris
519 3109 607 3165 Italos
622 3127 724 3184 parere
738 3108 846 3167 iubebo

164 3225 220 3265 nec
235 3206 306 3264 mihi
320 3225 409 3281 regna
424 3215 513 3281 peto:
537 3207 654 3281 paribus
669 3225 700 3265 se
715 3208 826 3283 legibus
840 3208 945 3266 ambae

163 3305 288 3364 invictae
302 3315 404 3379 gentes
421 3314 540 3362 aeterna
555 3305 585 3362 in
600 3304 720 3363 foedera
733 3306 858 3363 mittant.

164 3404 251 3461 Sacra
265 3402 397 3477 deosque
414 3401 512 3475 dabo;
536 3421 621 3461 socer
635 3422 716 3461 arma
731 3404 850 3462 Latinus
864 3404 981 3476 habeto,

163 3502 317 3576 imperium
332 3502 472 3560 sollemne
488 3521 590 3575 socer,
613 3502 684 3560 mihi
699 3503 817 3560 moenia
829 3503 936 3560 Teucri

163 3600 351 3674 constituent,
369 3601 490 3676 urbique
507 3601 588 3659 dabit
604 3601 724 3658 Lavinia
737 3602 867 3658 nomen'

163 3699 210 3756 Sic
224 3699 303 3774 prior
317 3702 434 3757 Aeneas
446 3720 453 3772 3
476 3699 606 3774 sequitur
620 3700 662 3756 sic
677 3698 787 3757 deinde
804 3699 922 3759 Latinus

163 3799 323 3875 suspiciens
340 3799 452 3857 caelum
468 3798 619 3874 tenditque
636 3798 675 3857 ad
690 3797 785 3856 sidera
797 3798 949 3856 dextram:
