2742 4284
162 300 219 361 132
393 281 517 344 Amata
539 281 627 363 Begs
656 280 787 344 Tamus
810 290 841 342 to
864 279 985 343 Desist.

156 479 186 526 tu
201 469 316 543 requies
331 468 462 539 miserae,
479 466 571 526 decus
586 467 799 544 imperiumque
816 467 913 526 Latini

154 576 184 625 te
198 584 299 641 penes,
315 567 346 624 in
360 576 389 625 te
403 565 499 624 omnis
514 564 620 623 domus
634 565 773 622 inclinata
785 564 958 636 recumbit),

156 683 246 722 unum
260 683 330 722 oro:
354 663 461 721 desiste
478 681 598 721 manum
613 664 797 721 committere
812 663 942 721 Teucris.

155 763 214 836 Qui
228 772 256 820 te
273 781 399 838 cumque
415 771 534 820 manent
549 762 605 819 isto
620 761 778 820 certamine
793 780 887 832 casus,

153 871 183 918 et
199 880 255 932 me,
270 862 377 933 Turne,
394 872 530 919 manent:
554 860 639 918 simul
654 861 729 918 haec
744 859 837 916 invisa
849 859 1012 933 relinquam

153 959 262 1017 lumina
276 979 332 1017 nec
346 979 486 1035 generum
501 962 622 1018 Aenean
638 958 753 1034 captiva
767 956 893 1016 videbo!

152 1059 277 1132 Accepit
291 1077 395 1116 vocem
411 1058 535 1116 lacrimis
553 1057 672 1115 Lavinia
687 1056 785 1114 matris

152 1155 295 1230 flagrantis
310 1153 425 1230 perlusa
438 1173 536 1231 genas,
552 1155 622 1230 quoi
638 1155 778 1229 plurimus
792 1154 890 1229 ignem

152 1253 274 1311 subiecit
288 1254 377 1312 rubor
390 1263 419 1311 et
434 1254 573 1311 calefacta
588 1271 641 1329 per
655 1271 706 1310 ora
721 1252 854 1310 cucurrit.

152 1351 262 1409 Indum
277 1351 436 1426 sanguineo
451 1351 538 1409 veluti
552 1351 700 1408 violaverit
715 1360 795 1409 ostro

151 1450 240 1524 siquis
256 1450 336 1521 ebur,
352 1460 401 1508 aut
415 1450 505 1508 mixta
518 1450 622 1508 rubent
638 1449 688 1508 ubi
702 1449 760 1506 lilia
773 1448 865 1506 multa

151 1548 216 1605 alba
229 1566 312 1605 rosa:
335 1548 399 1605 talis
414 1548 494 1622 virgo
510 1547 599 1605 dabat
614 1565 664 1604 ore
681 1548 803 1605 colores.

151 1644 237 1702 Illum
253 1646 348 1704 turbat
362 1664 452 1716 amor,
469 1645 588 1720 figitque
604 1645 633 1702 in
649 1645 758 1720 virgine
773 1645 886 1703 voltus:

150 1742 231 1801 ardet
247 1745 276 1801 in
291 1761 371 1800 arma
385 1743 476 1818 magis
491 1743 649 1818 paucisque
665 1742 779 1800 adfatur
794 1745 938 1800 Amatam,

151 1842 225 1912 ‘Ne,
241 1859 359 1915 quaeso,
375 1859 412 1898 ne
428 1860 475 1898 me
490 1841 614 1898 lacrimis
629 1859 703 1898 neve
719 1841 818 1898 omine
832 1849 915 1897 tanto

149 1956 324 2014 prosequere
340 1940 369 1996 in
384 1939 449 1996 duri
464 1939 622 1996 certamina
639 1939 741 1996 Martis
756 1947 885 2008 euntem,

150 2036 177 2095 O
193 2046 284 2093 mater
296 2057 304 2107 ;
325 2055 421 2112 neque
437 2037 516 2094 enim
530 2039 630 2094 Turno
647 2056 728 2094 mora
742 2037 832 2094 libera
845 2035 955 2094 mortis

150 2135 276 2192 Nuntius
290 2134 364 2191 haec
380 2133 488 2192 Idmon
505 2135 627 2209 Phrygio
644 2153 710 2192 mea
724 2134 803 2192 dicta
816 2145 939 2210 tyranno

149 2230 228 2290 haud
242 2233 383 2305 placitura
397 2233 488 2290 refer:
512 2251 579 2289 cum
594 2233 721 2306 primum
737 2233 862 2290 crastina
876 2232 959 2289 caelo

148 2330 280 2404 puniceis
295 2331 410 2388 invecta
424 2331 493 2388 rotis
508 2333 619 2388 Aurora
635 2330 758 2401 rubebit,

147 2445 208 2484 non
223 2428 352 2485 Teucros
368 2438 433 2504 agat
448 2429 477 2485 in
494 2429 628 2499 Rutulos
643 2429 791 2486 Teucrum
805 2447 885 2486 arma
898 2429 1051 2504 quiescant

148 2535 177 2583 et
192 2526 311 2598 Rutuli,
334 2536 433 2583 nostro
447 2526 616 2583 dirimamus
631 2526 771 2601 sanguine
786 2526 903 2596 bellum,

124 2681 127 2686 ,
147 2623 195 2680 illo
210 2636 364 2699 quaeratur
378 2625 508 2681 coniunx
523 2623 642 2682 Lavinia
657 2626 783 2699 campo’

190 2723 276 2778 Haec
290 2722 340 2778 ubi
355 2721 434 2779 dicta
447 2720 530 2779 dedit
545 2720 722 2796 rapidusque
737 2722 767 2778 in
782 2731 860 2779 tecta
874 2735 1004 2780 recessit.

146 2819 242 2894 poscit
257 2837 348 2892 equos
363 2818 529 2894 gaudetque
544 2828 628 2876 tuens
644 2829 711 2876 ante
728 2838 780 2876 ora
793 2820 950 2891 frementis,

147 2916 280 2972 Pilumno
296 2935 369 2990 quos
384 2917 446 2991 ipsa
460 2914 552 2974 decus
568 2915 651 2974 dedit
668 2917 809 2992 Orithyia,

146 3014 196 3088 qui
212 3013 340 3070 candore
356 3015 435 3071 nives
450 3015 601 3086 anteirent,
619 3015 751 3074 cursibus
765 3034 856 3074 auras.

147 3113 343 3170 Circumstant
358 3113 473 3187 properi
488 3113 602 3188 aurigae
619 3113 810 3188 manibusque
825 3114 971 3170 lacessunt

146 3219 264 3283 pectora
279 3211 379 3284 plausa
393 3211 470 3268 cavis
487 3221 517 3268 et
532 3211 607 3268 colla
622 3212 771 3268 comantia
785 3220 914 3287 pectunt.

146 3308 214 3381 lpse
229 3306 337 3365 dehinc
352 3327 423 3365 auro
438 3308 620 3383 squalentem
636 3308 763 3383 alboque
780 3308 926 3366 orichalco

144 3403 307 3462 circumdat
317 3405 440 3462 'ioricam
456 3406 581 3478 umeris,
605 3406 689 3464 simul
703 3415 784 3481 aptat
798 3405 935 3464 habendo

144 3521 305 3578 ensemque
321 3503 507 3579 clipeumque
524 3513 553 3561 et
567 3504 670 3563 mbrae
685 3522 796 3561 coniua
810 3503 923 3562 cristae.

144 3619 255 3673 ensem,
271 3619 360 3676 quem
376 3602 483 3659 Dauno
499 3601 665 3677 ignipotens
680 3601 753 3659 deus
769 3601 830 3676 ipse
845 3605 959 3677 parenti

142 3700 252 3758 fecerat
268 3709 297 3757 et
311 3695 408 3775 Stygia
423 3698 601 3757 candentem
616 3700 739 3757 tinxerat
754 3698 842 3757 unda.

144 3797 220 3854 Exin
235 3815 309 3872 quae
325 3795 430 3856 mediis
445 3797 556 3872 ingenti
570 3795 677 3854 adnixa
692 3798 846 3855 columnae

584 3914 606 3948 9²
618 3916 700 3961 Exim.
711 3917 739 3963 R

1089 293 1209 353 [AEuurn.
