2742 4284
156 259 267 324 1·451·]
385 249 487 333 Sagras
500 249 594 330 from
620 248 673 310 the
698 248 771 311 Sun
794 242 863 310 and
884 246 993 310 Moon.

157 446 304 493 mutavere
319 436 378 493 vias
394 445 423 492 et
437 433 569 510 Iuppiter
583 433 686 492 uvidus
701 432 804 490 austris

156 531 262 590 denset
277 543 357 590 erant
372 551 447 608 quae
462 551 525 590 rara
539 531 639 603 modo,
656 542 685 588 et
700 549 776 606 quae
792 530 884 589 densa
898 531 1019 592 relaxat.

155 623 304 689 vertuntur
318 631 432 707 species
447 631 620 702 animorum,
636 641 665 688 et
679 639 802 706 pectora
815 639 914 687 motus

156 747 235 785 nunc
252 727 331 800 alios,
348 730 419 786 alios
434 728 506 786 dum
521 729 621 787 nubila
633 738 737 785 ventus
752 727 868 801 agebat,

156 827 345 901 concipiunt:
370 827 438 884 hinc
453 826 499 884 ille
514 827 609 883 avium
625 835 789 882 concentus
804 825 833 881 in
848 824 922 898 agris

156 934 185 981 et
200 924 292 982 laetae
309 922 440 998 pecudes
455 934 484 981 et
498 934 619 981 ovantes
633 933 748 998 gutture
765 922 853 979 corvi.

196 1023 225 1080 Si
240 1040 309 1080 vero
324 1022 416 1079 solem
432 1020 469 1078 ad
485 1020 618 1096 rapidum
635 1021 777 1094 lunasque
792 1029 947 1093 sequentes

155 1117 258 1176 ordine
273 1119 420 1194 respicies,
438 1137 598 1193 numquam
613 1128 641 1176 te
657 1118 782 1175 crastiua
795 1117 873 1175 fallet

156 1217 235 1288 hora,
251 1235 349 1292 neque
363 1216 475 1274 insidiis
489 1217 584 1273 noctis
599 1216 716 1291 capiere
731 1233 861 1273 serenae.

156 1315 248 1386 Luna,
263 1324 439 1372 revertentes
456 1333 524 1372 cum
540 1315 666 1390 primum
682 1314 790 1390 colligit
805 1314 888 1388 ignis,

154 1413 178 1470 si
193 1413 306 1488 nigrum
322 1414 448 1470 obscuro
466 1411 684 1488 comprenderit
699 1412 767 1469 aera
780 1429 880 1481 comu,

155 1512 298 1569 maximus
314 1511 447 1587 agricolis
462 1511 624 1586 pelagoque
643 1510 790 1592 parabitur
804 1510 912 1566 imber:

155 1619 183 1666 at
198 1609 221 1666 si
236 1609 396 1684 virgineum
412 1608 563 1666 suffuderit
578 1626 629 1666 ore
643 1608 791 1677 ruborem,

154 1717 258 1765 ventus
273 1708 344 1776 erit;
368 1717 457 1765 vento
472 1724 589 1782 semper
605 1707 688 1763 rubet
703 1723 790 1762 aurea
805 1706 934 1763 Phoebe.

155 1805 204 1863 Sin
219 1815 284 1863 ortu
302 1815 404 1880 quarto
424 1804 566 1882 (namque
585 1805 608 1861 is
623 1803 799 1861 certissimus
813 1804 931 1876 auctor)

154 1920 226 1977 pura
240 1921 337 1978 neque
354 1903 465 1961 obtusis
480 1919 532 1976 per
547 1902 661 1960 caelum
680 1902 818 1959 cornibus
832 1901 893 1971 ibit,

155 2010 232 2058 totus
248 2011 276 2058 et
291 2001 336 2059 ille
352 1999 415 2058 dies
432 2011 462 2058 et
476 2001 526 2075 qui
541 2009 698 2058 nascentur
712 1999 750 2057 ab
764 1999 812 2056 illo

155 2108 290 2156 exactum
306 2098 344 2156 ad
359 2116 491 2156 mensem
507 2097 604 2173 pluvia
618 2096 770 2170 ventisque
786 2097 935 2167 carebunt,

103 2195 111 2206 '
154 2205 280 2271 votaque
296 2197 398 2254 servati
416 2196 528 2253 solvent
543 2196 573 2252 in
588 2195 671 2252 litore
687 2203 793 2251 nautae

155 2294 270 2352 Glauco
285 2303 314 2350 et
330 2295 487 2368 Panopeae
503 2303 532 2350 et
548 2294 623 2350 lnoo
640 2293 819 2350 Melicertae.

154 2392 202 2449 Sol
217 2409 335 2465 quoque
351 2401 380 2447 et
395 2391 527 2448 exoriens
542 2400 570 2447 et
586 2409 654 2448 cum
668 2409 700 2447 se
715 2388 826 2447 condet
841 2392 870 2448 in
885 2390 989 2462 undas,

153 2489 236 2564 signa
251 2487 350 2560 dabit;
373 2489 465 2547 solem
482 2489 643 2546 certissima
657 2489 740 2563 signa
753 2498 922 2562 sequuntur,

154 2595 182 2643 et
197 2605 273 2661 quae
289 2604 375 2643 mane
390 2587 475 2644 refert
491 2597 525 2644 et·
536 2604 611 2661 quae
626 2587 809 2660 surgentibus
824 2587 915 2644 astris.

154 2684 207 2741 llle
222 2684 271 2741 ubi
287 2694 458 2742 nascentem
476 2685 597 2742 maculis
614 2685 764 2742 variaverit
778 2694 873 2741 ortum

154 2780 291 2840 conditus
306 2782 336 2838 in
351 2782 459 2840 nubem
478 2781 636 2857 medioque
652 2782 788 2856 refugerit
802 2783 882 2853 orbe,

152 2881 281 2956 suspecti
296 2880 348 2939 tibi
362 2881 419 2938 sint
437 2881 563 2952 imbres;
588 2898 715 2954 namque
731 2892 814 2954 urget
827 2882 866 2938 ab
879 2881 938 2938 alto

153 2974 362 3052 arboribusque
377 2978 503 3053 satisque
523 2988 610 3036 notus
625 2979 785 3053 pecorique
800 2979 923 3037 sinister.

153 3078 211 3133 Aut
226 3076 276 3133 ubi
290 3077 345 3134 sub
361 3076 456 3133 lucem
473 3076 566 3134 densa
583 3077 658 3133 inter
671 3077 771 3134 nubila
785 3095 849 3135 sese

153 3173 258 3230 diversi
274 3183 409 3247 rumpent
423 3173 505 3245 radii,
528 3184 577 3232 aut
592 3174 642 3232 ubi
656 3173 765 3248 pallida
778 3185 875 3250 surget

152 3271 273 3328 Tithoni
288 3289 426 3329 croceum
444 3271 579 3346 linquens
595 3275 706 3329 Aurora
720 3273 825 3344 cubile,

153 3368 212 3426 heu
227 3369 302 3426 male
317 3379 378 3426 tum
395 3370 471 3427 mitis
488 3369 627 3428 defendet
641 3371 799 3446 pampinus
814 3391 902 3430 uvas:

153 3475 213 3523 tam
228 3466 318 3523 multa
332 3467 361 3523 in
376 3467 459 3524 tectis
476 3469 620 3543 crepitans
636 3471 701 3527 salit
717 3469 834 3527 horrida
847 3469 968 3545 grande.

154 3564 226 3621 Hoc
241 3564 337 3636 etiam,
354 3582 474 3623 emenso
489 3585 557 3624 cum
573 3567 631 3624 iam
646 3566 766 3625 decedit
781 3568 919 3644 Olympo,

153 3662 292 3737 profuerit
307 3662 474 3720 meminisse
489 3665 599 3738 magis3
622 3683 691 3722 nam
705 3683 794 3740 saepe
809 3664 943 3724 videmus

384 3789 419 3825 ⁴1⁸
429 3793 498 3838 vices.
514 3793 542 3839 R.
775 3794 808 3828 41⁹
820 3796 907 3840 densat.
923 3796 979 3841 Eds.
