2742 4284
195 289 255 350 208
378 286 481 370 Sagras
503 287 575 350 and
593 285 769 350 Remedies
790 287 832 370 of
848 287 901 349 the
922 287 1061 370 Plagae.
1091 297 1248 360 [Grunnius

193 481 295 549 stagna
309 473 386 545 colit,
402 473 529 548 ripisque
544 472 678 532 habitans
693 471 748 531 sibi
763 471 810 529 hic
825 473 954 547 piscibus
967 483 1059 531 atram
1204 485 1249 530 430

193 571 342 646 improbus
358 571 514 647 ingluviem
529 571 663 645 ranisque
679 569 851 644 loquacibus
866 571 983 646 explet;

193 678 349 744 postquam
364 678 466 726 exusta
478 669 570 744 palus,
586 678 736 743 terraeque
752 668 855 727 ardore
869 667 1034 740 dehiseunt,

193 765 285 824 exsilit
299 767 329 823 in
344 766 464 838 siccum,
480 776 510 824 et
524 765 703 824 flammantia
716 766 826 824 lumina
840 776 980 842 torquens

192 863 283 922 saevit
297 864 371 939 agris
386 882 528 939 asperque
544 864 590 922 siti
604 875 692 939 atque
708 865 859 922 exterritus
873 874 964 922 aestu.

194 963 241 1020 Ne
256 961 326 1019 mihi
341 971 403 1019 tum
418 962 511 1020 mollis
526 962 580 1020 sub
596 962 664 1021 divo
679 981 799 1038 carpere
815 981 935 1020 somnos

192 1078 251 1118 neu
265 1060 353 1118 dorso
368 1061 495 1118 nemoris
510 1061 598 1118 libeat
612 1062 735 1119 iacuisse
751 1079 803 1136 per
817 1061 929 1131 herbas,

192 1176 261 1215 cum
276 1159 377 1233 positis
392 1176 485 1216 novus
501 1159 610 1216 exuviis
625 1158 792 1233 nitidusque
807 1159 924 1216 iuventa

192 1256 314 1314 volvitur
327 1267 377 1314 aut
392 1257 504 1314 catulos
520 1257 604 1314 tectis
620 1266 669 1314 aut
683 1275 739 1314 ova
753 1257 919 1332 relinquens

192 1352 299 1412 arduus
315 1353 353 1412 ad
368 1355 468 1424 solem,
484 1365 513 1412 et
527 1355 631 1430 linguis
646 1355 736 1412 micat
750 1373 800 1412 ore
814 1355 947 1412 trisulcis.

233 1453 406 1511 Morborum
420 1472 537 1528 quoque
553 1462 581 1511 te
596 1471 698 1511 causas
713 1463 742 1510 et
756 1454 839 1527 signa
853 1451 978 1510 docebo.

191 1551 296 1626 Turpis
312 1553 373 1609 ovis
389 1561 513 1626 temptat
528 1551 650 1621 scabies,
667 1551 717 1608 ubi
731 1550 850 1625 frigidus
865 1550 958 1608 imber

192 1649 275 1707 altius
290 1648 328 1706 ad
343 1651 440 1707 vivum
455 1647 585 1724 persedit
600 1659 629 1706 et
644 1647 760 1706 horrida
774 1666 850 1705 cano

191 1746 295 1806 bruma
308 1748 384 1822 gelu,
400 1748 446 1804 vel
459 1766 528 1804 cum
543 1747 633 1804 tonsis
648 1747 772 1803 inlautus
786 1745 918 1803 adhaesit

191 1845 290 1915 sudor,
306 1853 335 1902 et
350 1844 449 1903 hirsuti
464 1854 619 1902 secuerunt
634 1862 759 1919 corpora
772 1861 885 1919 vepres.

192 1942 333 2001 Dulcibus
350 1942 460 2000 idcirco
475 1942 566 2000 fluviis
582 1961 673 2018 pecus
688 1959 776 1999 omne
792 1941 920 2016 magistri

192 2039 378 2115 perfundunt,
396 2039 519 2115 udisque
535 2041 608 2098 aries
624 2041 652 2097 in
668 2040 778 2115 gurgite
794 2039 865 2096 villis
895 2066 897 2070 ·

192 2148 340 2208 mersatur,
358 2139 518 2213 missusque
535 2137 667 2196 secundo
682 2135 783 2194 defluit
798 2137 877 2195 amni
886 2157 896 2208 3

191 2246 241 2294 aut
255 2245 374 2293 tonsum
388 2237 459 2294 tristi
473 2237 647 2311 contingunt
662 2253 769 2310 corpus
784 2253 911 2304 amurca,

192 2343 221 2391 et
235 2351 353 2408 spumas
368 2335 492 2392 miscent
509 2334 620 2408 argenti
634 2344 665 2390 et
680 2333 818 2408 sulphura
832 2332 899 2390 viva

192 2432 355 2507 Idaeasque
370 2433 451 2507 pices
466 2442 495 2489 et
509 2433 624 2507 pinguis
640 2431 768 2506 unguine
783 2448 864 2488 ceras

191 2530 360 2605 scillamque
375 2530 577 2604 elleborosque
592 2529 685 2604 gravis
700 2529 873 2603 nigrumque
888 2528 1030 2586 bitumen.

192 2629 262 2685 Non
275 2637 374 2685 tamen
390 2628 447 2685 ulla
460 2628 551 2702 magis
566 2645 705 2702 praesens
720 2627 834 2684 fortuna
848 2627 979 2685 laborum
995 2635 1050 2697 est,

190 2744 280 2801 quarn
294 2726 383 2800 siquis
398 2726 471 2783 ferro
486 2726 583 2800 potuit
596 2725 763 2783 rescindere
780 2744 928 2783 summum

190 2824 293 2881 ulceris
308 2842 358 2881 os:
382 2824 465 2880 alitur
479 2824 580 2881 vitium
596 2823 725 2898 vivitque
741 2822 879 2898 tegendo,

190 2921 261 2979 dum
277 2920 407 2979 medieas
421 2921 560 2980 adhibere
576 2941 678 2979 manus
694 2922 732 2979 ad
747 2921 866 2980 vulnera
879 2932 979 2997 pastor

190 3019 323 3094 abnegat,
339 3030 368 3076 et
382 3019 503 3078 meliora
517 3018 590 3078 deos
605 3020 690 3078 sedet
704 3021 804 3078 omnia
818 3038 955 3095 poscens.

189 3117 268 3190 Quin
283 3117 381 3189 etiarn,
397 3117 455 3174 ima
469 3118 556 3176 dolor
569 3119 718 3176 balantum
733 3119 830 3193 lapsus
844 3117 882 3175 ad
897 3136 964 3175 ossa

189 3232 257 3272 curn
273 3214 339 3272 furit
352 3225 441 3290 atque
456 3226 533 3274 artus
549 3216 717 3291 depascitur
732 3216 813 3274 arida
827 3216 923 3286 febris

188 3313 296 3388 profuit
310 3314 445 3372 incensos
461 3323 556 3371 aestus
571 3323 699 3372 avertere
715 3323 745 3371 et
759 3314 835 3371 inter

188 3409 248 3468 ima
261 3411 342 3468 ferire
357 3409 442 3485 pedis
457 3411 608 3468 salientem
624 3413 764 3487 sanguine
779 3430 894 3481 venam,

189 3508 312 3566 Bisaltae
328 3527 387 3584 quo
402 3527 483 3566 more
498 3508 593 3567 solent
607 3527 733 3584 acerque
749 3511 890 3581 Gelonus,

188 3623 257 3663 curn
271 3605 342 3680 sugit
357 3607 387 3663 in
402 3606 572 3682 Rhodopen
586 3617 674 3683 atque
691 3608 720 3665 in
735 3607 851 3666 deserta
866 3610 1017 3679 Getarum,

188 3713 216 3760 et
230 3701 275 3760 lac
291 3713 460 3762 concretum
476 3723 544 3763 eum
558 3705 699 3782 sanguine
714 3715 796 3782 potat
810 3707 927 3781 equino.

359 3831 392 3865 ⁴⁸⁶
402 3847 450 3878 nec.
466 3835 522 3878 Eds.
904 3834 937 3870 Μ
947 3840 995 3881 aut.
1011 3836 1067 3882 Eds.
