2742 4284
145 285 271 345 usal
409 272 540 335 Turnus
563 272 718 354 Disposes
740 271 809 334 His
837 271 868 332 T
864 284 962 354 roops.

146 457 293 515 horrebat
307 458 436 532 squamis
450 475 588 532 surasque
604 458 759 515 incluserat
772 475 852 527 auro,

146 543 291 630 tempora
304 554 400 613 nudus
414 555 522 627 adhuc,
537 555 678 630 laterique
694 554 863 613 adcinxerat
876 572 977 613 ensem
997 549 1001 555 ’

146 652 344 728 fulgebatque
358 653 416 710 alta
430 652 589 710 decurrens
603 671 707 710 aureus
720 670 796 724 aree,

147 750 338 824 exsultatque
353 749 456 808 animis
470 760 500 807 et
514 767 566 825 spe
582 750 639 807 iam
654 750 796 825 praecipit
811 750 945 809 hostem:

148 847 249 921 qualis
264 847 314 905 ubi
327 848 456 922 abruptis
470 847 542 922 fugit
556 847 726 923 praesaepia
739 848 841 906 vinclis

147 945 277 1004 tandem
291 945 363 1002 liber
377 964 469 1021 equus
484 963 648 1020 campoque
665 946 774 1020 potitus
787 937 891 1021 aperto

149 1054 205 1100 aut
219 1043 266 1100 ille
281 1044 311 1099 in
325 1053 424 1118 pastus
438 1053 627 1117 armentaque
643 1043 738 1102 tendit
751 1061 892 1118 equarum

148 1152 204 1199 aut
218 1140 358 1198 adsuetus
372 1159 466 1215 aquae
482 1139 617 1216 perfundi
634 1140 753 1198 flumine
767 1151 839 1199 noto

149 1240 264 1296 emicat
278 1238 462 1315 adrectisque
475 1237 571 1296 fremit
586 1237 750 1296 cervicibus
763 1239 820 1296 alte

148 1339 310 1408 luxurians,
324 1339 487 1413 luduntque
501 1337 586 1418 iubae
601 1356 655 1412 per
669 1338 754 1410 colla,
769 1356 822 1413 per
835 1357 939 1396 armos.

149 1437 251 1495 Obvia
265 1436 313 1494 cui
327 1436 501 1493 Volscorum
516 1435 580 1495 acie
596 1435 756 1492 comitante
771 1435 895 1494 Camilla

149 1534 280 1592 occurrit
293 1533 443 1609 portisque
459 1533 499 1590 ab
513 1551 590 1608 equo
604 1533 704 1608 regina
717 1533 772 1591 sub
786 1534 856 1608 ipsis

149 1631 279 1698 desiluit,
293 1650 384 1706 quam
398 1641 461 1690 tota
474 1631 580 1689 cohors
597 1631 709 1688 imitata
722 1631 829 1688 relictis

148 1729 192 1788 ad
207 1740 314 1788 terram
329 1729 449 1788 defluxit
464 1730 566 1805 equis;
587 1740 649 1786 tum
666 1730 733 1787 talia
747 1728 839 1787 satur:

150 1829 280 1897 ‘Tume,
295 1829 339 1885 sui
353 1827 457 1885 merito
472 1828 555 1902 siqua
569 1838 614 1885 est
627 1826 738 1884 fiducia
751 1827 826 1897 sorti,

149 1925 251 1984 audeo
265 1937 295 1983 et
310 1923 483 1982 Aeneadum
498 1926 637 2000 promitto
652 1943 805 1982 occurrere
819 1934 931 1983 turmae
988 1960 991 1968 ·

149 2025 273 2098 solaque
288 2023 452 2098 Tyrrhenos
468 2024 580 2098 equites
594 2023 634 2080 ire
650 2023 738 2080 obvia
751 2033 862 2080 contra.

150 2123 206 2179 Me
222 2121 283 2178 sine
297 2121 391 2196 prima
407 2139 493 2178 uranu
509 2131 650 2196 temptare
665 2121 795 2195 pericula
807 2120 875 2178 belli

148 2230 181 2277 tu
197 2220 290 2294 pedes
305 2217 344 2276 ad
360 2237 458 2276 muros
472 2219 596 2276 subsiste
611 2228 640 2276 et
655 2219 774 2276 moenia
787 2221 888 2276 serva!

149 2318 267 2375 Turnus
282 2316 320 2373 ad
334 2317 418 2387 haec,
433 2316 535 2373 oculos
550 2315 696 2374 horrenda
710 2317 740 2373 in
754 2317 863 2392 virgine
876 2317 969 2376 fixus:

150 2415 198 2474 ‘O
214 2414 306 2472 decus
322 2415 422 2472 ltaliae
436 2414 526 2488 virgo,
542 2433 613 2489 quas
628 2413 727 2472 dicere
742 2425 836 2490 grates

149 2531 260 2588 quasve
275 2513 379 2569 referre
395 2513 516 2586 parem?
558 2511 616 2569 Sed
631 2531 720 2582 nunc,
735 2523 778 2569 est
793 2513 891 2570 omnia
905 2513 1025 2588 quando

149 2612 206 2668 iste
220 2610 334 2667 animus
349 2628 444 2684 supra,
459 2628 577 2666 mecum
592 2610 697 2689 partire
712 2610 852 2668 laborem.

149 2710 275 2778 Aeneas,
291 2718 323 2766 ut
336 2708 414 2764 sama
428 2707 517 2764 fidem
532 2707 669 2781 missique
685 2717 835 2782 reportant
854 2709 856 2714 ’

150 2806 358 2881 exploratores,
374 2806 504 2880 equitum
520 2805 594 2861 levia
609 2805 759 2880 improbus
774 2825 855 2862 arma

148 2903 307 2979 praemisit,
323 2913 476 2978 quaterent
491 2921 632 2976 campos,
655 2903 718 2985 ipse
734 2903 825 2960 ardua
839 2905 946 2962 montis

149 3020 202 3076 per
216 3000 332 3058 deserta
346 2997 414 3076 iugo
429 3019 568 3076 superans
583 3000 722 3058 adventat
736 3001 774 3058 ad
788 3002 899 3060 urbem.

150 3099 240 3156 Furta
253 3116 324 3173 paro
340 3098 407 3156 belli
422 3117 555 3156 convexo
570 3098 599 3155 in
615 3099 728 3156 tramite
743 3099 840 3170 silvae,

149 3205 180 3253 ut
195 3195 287 3254 bivias
302 3207 413 3253 armato
428 3195 562 3253 obsidam
579 3196 668 3253 milite
684 3195 793 3254 fauces.

149 3295 194 3351 Tu
209 3294 392 3368 Tyrrhenum
407 3294 536 3368 equitem
552 3295 675 3351 conlatis
690 3294 794 3368 excipe
809 3296 916 3370 signis;

149 3400 248 3450 tecum
263 3409 331 3448 acer
346 3392 499 3466 Messapus
515 3392 568 3449 erit
583 3402 752 3467 turmaeque
770 3393 890 3452 Latinae

149 3488 321 3563 Tiburtique
336 3507 448 3560 manus,
465 3489 548 3547 ducis
564 3500 592 3547 et
608 3500 637 3547 tu
653 3491 778 3564 concipe
795 3492 912 3548 curam.'

150 3587 198 3644 Sic
212 3586 261 3659 ait,
276 3597 305 3643 et
319 3588 435 3662 paribus
451 3589 622 3664 Messapum
636 3588 665 3646 in
680 3589 791 3662 proelia
804 3587 890 3645 dictis

99 3724 103 3732 .
151 3683 281 3742 hortatur
294 3685 450 3760 sociosque
465 3685 556 3745 duces
571 3697 600 3744 et
614 3686 709 3761 pergit
722 3685 752 3742 in
767 3686 891 3744 hostem.

152 3781 204 3839 Est
219 3801 309 3841 curvo
322 3783 453 3842 anfractu
467 3784 564 3856 valles,
581 3784 782 3842 adcommoda
797 3783 891 3843 fraudi
