2742 4284
170 324 208 374 to
472 301 562 391 sano
585 309 700 391 Again
722 320 759 372 at
790 312 890 376 Work.

165 492 279 552 absenti
295 493 412 553 Aeneae
428 513 544 553 currum
559 495 751 571 geminosque
765 497 866 571 iugalis

163 591 274 650 semine
293 592 330 650 ab
345 592 483 664 aetherio,
499 593 632 668 spirantis
648 595 763 652 naribus
779 595 887 669 ignem,

162 690 275 748 illorum
292 689 330 748 de
347 701 443 766 gente,
459 691 532 766 patri
547 709 621 766 quos
638 690 763 748 daedala
777 691 862 750 Circe

161 790 312 864 supposita
327 787 364 846 de
385 797 475 846 matre
490 787 597 846 nothos
613 789 705 846 furata
719 790 834 847 creavit.

83 934 85 938 Α
160 887 277 946 Talibus
293 886 448 946 Aeneadae
469 887 554 946 donis
572 885 717 960 dictisque
733 886 827 945 Latini

160 986 298 1046 sublimes
313 989 342 1046 in
357 989 439 1063 equis
460 985 584 1044 redeunt
602 971 765 1058 pacemque
780 995 937 1059 reportant.

201 1085 281 1143 Ecce
297 1095 395 1144 autem
413 1084 540 1142 Inachiis
559 1099 622 1140 sese
638 1080 780 1139 referebat
793 1082 831 1139 ab
845 1084 927 1157 Argis

158 1199 245 1240 saeva
261 1183 337 1241 lovis
352 1185 481 1243 coniunx
502 1200 641 1257 aurasque
658 1183 773 1240 invecta
787 1181 913 1252 tenebat,
967 1251 970 1255 1

158 1288 188 1338 et
202 1281 309 1338 laetum
324 1284 444 1340 Aenean
465 1283 646 1358 classemque
665 1301 702 1340 ex
716 1282 833 1339 aethere
847 1281 934 1354 longe
976 1266 998 1273 '⁵

159 1377 337 1436 Dardaniam
355 1380 451 1438 Siculo
471 1381 619 1456 prospexit
635 1380 673 1438 ab
688 1397 780 1454 usque
796 1380 942 1454 Pachyno.

158 1475 254 1532 Moliri
269 1477 326 1534 iarn
341 1487 419 1536 tecta
439 1478 528 1550 videt,
541 1478 599 1536 iam
614 1478 705 1536 fidere
719 1487 821 1547 terrae,

157 1572 318 1634 deseruisse
334 1586 428 1636 rates:
456 1577 535 1635 stetit
549 1577 608 1641 acri
625 1577 681 1634 fixa
696 1576 806 1635 dolore.

156 1672 232 1729 Turn
248 1691 386 1748 quassans
400 1684 487 1749 caput
506 1676 580 1732 haec
596 1674 720 1732 effundit
733 1683 853 1749 pectore
868 1674 965 1732 dicta:

158 1769 245 1826 ‘Heu
261 1770 380 1844 stirpem
399 1771 520 1828 invisam
536 1783 565 1829 et
580 1773 643 1830 fatis
659 1772 803 1828 contraria
816 1773 920 1830 nostris

156 1865 214 1923 fata
229 1867 372 1942 Phrygum
388 1872 393 1926 l
443 1869 523 1926 Num
539 1869 629 1944 Sigeis
645 1869 823 1927 occumbere
838 1871 958 1945 campiS,

156 1981 226 2021 num
241 1965 320 2039 capti
337 1975 459 2039 potuere
477 1967 551 2042 capi,
570 1985 641 2024 num
656 1968 776 2025 incensa
793 1968 930 2025 cremavit

154 2061 243 2118 Troia
256 2062 353 2120 viros?
399 2063 514 2122 Medias
530 2065 607 2122 acies
624 2064 797 2140 mediosque
812 2083 864 2140 per
878 2065 951 2140 ignis
969 2049 974 2055 ’

155 2159 290 2216 invenere
306 2161 391 2218 viam.
439 2164 485 2232 At,
501 2162 600 2234 credo,
617 2181 684 2221 mea
698 2164 818 2220 numina
830 2162 951 2220 tandem

154 2256 229 2313 fessa
243 2258 339 2316 iacent
358 2258 432 2316 odiis
447 2269 496 2317 aut
513 2271 674 2319 exsaturata
689 2262 804 2336 quievi;

154 2355 224 2427 quin
240 2355 327 2412 etiam
344 2357 436 2431 patria
453 2376 591 2416 excussos
607 2360 712 2418 infesta
725 2378 779 2434 per
792 2358 885 2418 undas

154 2469 223 2510 ausa
238 2454 319 2528 sequi
336 2463 364 2511 et
382 2438 508 2531 profugis
525 2465 588 2514 toto
603 2475 651 2514 me
666 2475 818 2532 opponere
833 2460 944 2532 ponto!
976 2458 978 2461 ’
1057 2458 1060 2464 ’

154 2551 333 2626 Absumptae
351 2553 380 2610 in
397 2553 527 2613 Teucros
544 2554 618 2613 vires
633 2556 765 2629 caelique
780 2556 933 2630 marisque.

152 2647 234 2722 Quid
248 2650 343 2724 Syrtes
361 2660 410 2708 aut
426 2651 520 2726 Scylla
537 2652 617 2724 mihi,
633 2652 705 2727 quid
720 2661 799 2710 vasta
813 2651 975 2727 Charybdis

152 2747 279 2820 profuit?
314 2748 424 2822 Optato
443 2736 610 2808 conduntur
625 2750 780 2825 Thybridis
796 2751 887 2821 alve0,
1039 2743 1044 2755 ⁸

152 2846 245 2902 securi
260 2845 355 2920 pelagi
373 2856 460 2922 atque
477 2848 544 2905 mei.
589 2849 668 2906 Mars
683 2848 806 2922 perdere
821 2857 939 2923 gentem

152 2944 309 3002 immanem
328 2945 483 3019 Lapithum
500 2946 596 3017 valuit,
613 2946 759 3004 concessit
774 2945 803 3002 in
818 2945 872 3002 iras

99 3087 124 3100 ,..
151 3043 213 3116 ipse
230 3042 319 3101 deum
335 3044 484 3120 antiquam
502 3047 615 3121 genitor
631 3044 784 3119 Calydona
798 3043 936 3115 Dianae,'

151 3139 232 3214 quod
247 3141 341 3200 scelus
357 3152 407 3199 aut
425 3143 554 3219 Lapithis
571 3152 684 3200 tanturn
698 3151 748 3200 aut
762 3141 914 3217 Calydona
928 3143 1111 3199 merentem?

152 3239 203 3295 Ast
218 3256 273 3313 ego
289 3258 395 3315 magna
414 3242 490 3300 lovis
508 3241 644 3310 coniunx,
660 3240 701 3297 nil
715 3239 844 3315 linquere
859 3240 992 3297 inausum

151 3354 226 3411 quae
241 3337 323 3412 potui
340 3339 446 3409 infelix,
465 3357 540 3414 quae
556 3348 666 3396 memet
681 3338 711 3395 in
726 3337 825 3395 omnia
839 3337 919 3408 verti,

150 3434 252 3492 vincor
265 3436 302 3495 ab
320 3440 427 3495 Aenea.
472 3436 562 3510 Quod
577 3437 600 3494 si
615 3454 680 3493 mea
695 3436 815 3493 numina
830 3453 889 3492 non
904 3445 971 3492 sunt
1163 3446 1207 3490 310

150 3551 256 3608 magna
272 3535 348 3604 satis,
362 3533 494 3592 dubitem
510 3534 588 3592 haud
603 3534 741 3609 equidem
752 3534 906 3609 implorare
914 3531 997 3606 quod
1008 3550 1130 3607 usquam
1142 3543 1204 3591 est:

150 3631 266 3690 flectere
282 3633 306 3690 si
323 3649 440 3706 nequeo
455 3650 583 3706 superos
600 3631 767 3690 Acheronta
781 3630 916 3688 movebo.

151 3730 221 3787 Non
238 3729 353 3788 dabitur
367 3730 471 3804 regnis²
488 3739 559 3802 est0,
575 3731 730 3805 prohibere
746 3729 867 3800 Latinis,

514 3858 547 3890 ³⁰?
562 3859 676 3915 Calydone
686 3861 794 3902 merente.
810 3857 839 3902 R.
