2742 4284
155 290 218 352 226
510 291 608 374 Story
629 291 671 374 os
690 291 843 374 Orpheus.
1050 299 1210 363 [Groneia

153 475 309 534 Taenarias
324 476 410 534 etiam
426 475 534 548 fauces,
551 477 608 536 alta
620 477 697 535 ostia
710 477 795 548 Ditis,

155 583 184 631 et
198 574 371 649 caligantem
385 574 467 651 nigra
481 574 636 634 formidine
651 575 750 633 lucum

154 672 299 746 ingressus
314 672 469 748 Manisque
485 673 556 731 adiit
569 691 728 748 regemque
743 673 929 732 tremendum

154 769 311 845 nesciaque
326 769 460 828 humanis
474 771 610 845 precibus
625 789 830 829 mansuescere
846 769 946 830 corda.

154 870 192 925 At
207 876 294 926 cantu
309 877 475 926 commotae
492 869 579 926 Erebi
594 867 632 926 de
648 869 766 927 sedibus
782 869 848 927 imis

154 965 274 1023 umbrae
288 964 368 1023 ibant
383 975 485 1023 tenues
500 966 711 1041 simulacraque
728 966 795 1024 luce
810 975 970 1038 carentum,

155 1081 243 1138 quam
259 1064 348 1121 multa
363 1063 392 1121 in
407 1063 481 1121 soliis
498 1064 593 1121 avium
609 1082 640 1122 se
656 1064 734 1121 milia
748 1063 890 1136 condunt,

154 1179 259 1236 vesper
271 1161 322 1219 ubi
335 1171 385 1223 aut
399 1161 536 1220 hibemus
551 1164 609 1238 agit
626 1162 664 1220 de
679 1163 827 1220 montibus
842 1163 944 1234 imber,

156 1269 262 1316 matres
276 1267 364 1333 atque
379 1259 429 1315 viri
445 1257 641 1334 defunctaque
657 1277 782 1334 corpora
796 1243 858 1317 vita'

156 1356 374 1432 magnanimum
389 1357 521 1429 heroum,
536 1357 619 1433 pueri
633 1357 832 1432 innuptaeque
848 1357 970 1434 puellae,

155 1455 342 1531 impositique
357 1455 434 1530 rogis
448 1455 567 1514 iuvenes
580 1466 649 1514 ante
663 1473 714 1512 ora
728 1465 900 1531 parentum,

156 1571 230 1628 quos
246 1553 356 1610 circum
370 1553 454 1611 limus
470 1553 552 1629 niger
566 1563 595 1611 et
609 1553 749 1611 deformis
762 1553 876 1611 amndo

157 1651 263 1726 Cocyti
277 1648 417 1725 tardaque
433 1651 515 1726 palus
530 1651 691 1709 inamabilis
705 1649 786 1708 unda

157 1749 262 1825 alligat,
279 1757 309 1806 et
323 1749 443 1806 noviens
458 1749 526 1824 Styx
541 1745 678 1806 interfusa
692 1758 820 1807 coercet.

159 1847 239 1924 Quin
254 1847 333 1921 ipsae
349 1855 484 1921 stupuere
500 1845 606 1904 domus
621 1855 707 1921 atque
723 1846 825 1904 intima
839 1845 904 1905 Leti

157 1947 276 2002 Tartara
290 1945 498 2020 caeruleosque
513 1944 658 2020 implexae
673 1945 800 2004 crinibus
814 1964 923 2022 angues

159 2041 348 2113 Eumenides,
363 2042 514 2117 tenuitque
529 2042 642 2100 inhians
656 2043 710 2100 tria
725 2043 869 2101 Cerberus
882 2061 942 2115 ora,

159 2152 246 2216 atque
263 2140 367 2198 Ixionii
383 2149 471 2198 vento
485 2149 548 2197 rota
563 2140 692 2198 constitit
706 2140 793 2198 orbis.

160 2243 283 2314 Iamque
300 2238 408 2313 pedem
423 2238 549 2295 referens
565 2256 648 2295 casus
661 2248 790 2295 evaserat
804 2237 909 2309 omnis,

160 2337 332 2411 redditaque
349 2335 495 2411 Eurydice
510 2354 628 2411 superas
643 2336 778 2393 veniebat
792 2336 830 2393 ad
845 2355 927 2393 auras

157 2456 236 2513 pone
252 2453 388 2510 sequens,
403 2451 530 2507 namque
546 2433 624 2491 hanc
639 2432 762 2490 dederat
777 2434 949 2508 Proserpina
962 2433 1066 2510 legem,

157 2555 226 2594 curn
243 2534 337 2593 subita
352 2534 499 2590 incautum
515 2531 664 2588 dementia
678 2531 757 2606 cepit
771 2541 927 2608 amantem,

157 2635 340 2711 ignoscenda
355 2633 485 2709 quidem,
501 2630 608 2687 scirent
622 2630 646 2687 si
660 2629 812 2704 ignoscere
827 2648 946 2687 manes:

158 2733 268 2804 restitit,
285 2731 511 2808 Eurydicenque
526 2746 607 2785 suam
623 2728 680 2785 iam
697 2728 762 2784 luce
777 2728 831 2785 sub
845 2728 908 2803 ipsa

159 2833 321 2902 immemor,
337 2829 404 2900 heu,
419 2829 570 2902 victusque
585 2824 675 2882 animi
690 2825 824 2900 respexit.
868 2825 912 2882 Ibi
927 2825 1022 2882 omnis

159 2928 264 2987 effusus
279 2928 359 2986 labor
374 2938 460 3003 atque
476 2925 593 2984 immitis
607 2933 692 2999 rupta
705 2923 818 2998 tyranni

159 3026 278 3084 foedera
292 3037 393 3101 terque
408 3025 502 3100 fragor
516 3023 610 3099 stagni
625 3032 669 3080 est
684 3020 799 3079 auditus
813 3020 928 3078 Averni.

161 3125 221 3196 Illa,
239 3125 329 3198 ‘Quis
345 3135 373 3182 et
388 3124 456 3194 me,'
471 3123 573 3197 inquit,
590 3123 745 3178 ‘Miseram
761 3129 789 3176 et
803 3128 833 3178 te
847 3117 984 3194 perdidit,
999 3117 1130 3193 Orpheu,

161 3222 224 3296 quis
239 3233 335 3279 tantus
349 3222 446 3279 furor?
489 3222 536 3278 En
550 3220 654 3277 iterum
672 3217 803 3276 crudelia
816 3226 893 3274 retro
1169 3226 1212 3271 495

162 3320 220 3376 lata
232 3329 348 3389 vocant,
363 3318 523 3392 conditque
538 3316 667 3375 natantia
681 3316 791 3373 lumina
804 3333 933 3373 somnus.

162 3417 283 3492 lamque
298 3415 378 3473 vale:
402 3417 477 3473 seror
491 3414 602 3490 ingenti
617 3412 798 3471 circumdata
811 3421 900 3470 nocte

163 3514 359 3589 invalidasque
374 3514 425 3570 tibi
440 3513 573 3584 tendens,
590 3512 647 3569 heu
662 3530 723 3568 non
737 3520 795 3582 tua,
812 3511 923 3585 palmas
938 3552 945 3566 .
963 3549 971 3565 .
987 3550 996 3567 .
1011 3507 1020 3537 ⁸

163 3610 252 3678 Dixit,
268 3620 297 3668 et
311 3628 348 3667 ex
361 3610 453 3667 oculis
468 3610 563 3666 subito
578 3627 633 3664 ceu
648 3609 744 3665 sumus
758 3609 787 3664 in
803 3626 885 3665 auras

165 3706 336 3764 commixtus
351 3706 446 3763 tenuis
460 3704 531 3780 fugit
546 3703 667 3775 diversa,
684 3723 780 3778 neque
795 3705 874 3762 illum

591 3831 625 3865 tut
634 3838 711 3878 mm·
727 3834 784 3878 Eds,
