2742 4284
160 318 177 362 1.
190 313 249 374 110.]
526 299 670 364 General
690 301 851 384 Preccpts.

157 489 221 554 Urit
236 487 316 545 enim
330 485 381 545 lini
396 505 535 564 campum
550 505 643 564 seges,
658 488 716 545 urit
729 505 851 559 avenae,

157 595 242 644 umnt
257 585 389 643 Lethaeo
403 585 520 661 perfusa
534 603 680 661 papavera
695 604 801 644 somno
813 607 821 657 ;

157 682 210 740 sed
224 693 324 741 tamen
340 683 455 742 alternis
470 683 560 742 facilis
575 681 666 754 labor,
682 682 763 741 arida
777 693 890 742 tantum

157 798 195 839 ne
210 791 336 839 saturare
351 781 422 838 fimo
436 781 536 856 pingui
551 780 662 857 pudeat
677 781 740 838 sola
753 798 829 840 neve

157 878 259 937 effetos
274 878 405 936 cinerem
419 877 605 936 immundum
621 879 729 936 iactare
743 896 796 954 per
810 897 903 954 agros.

157 977 204 1036 Sic
218 994 337 1052 quoque
353 975 470 1034 mutatis
484 977 671 1051 requiescunt
684 976 792 1035 fetibus
806 995 894 1050 arva3

158 1093 213 1132 nec
227 1073 306 1132 nulla
319 1074 430 1132 interea
444 1083 488 1132 est
502 1074 628 1132 inaratae
643 1075 735 1149 gratia
749 1086 851 1133 terrae.

158 1174 251 1248 Saepe
267 1172 355 1229 etiam
370 1171 479 1230 steriles
494 1172 653 1230 incendere
668 1172 776 1248 profuit
791 1192 884 1248 agros,

158 1281 246 1346 atque
261 1270 355 1327 levem
370 1269 505 1344 stipulam
521 1269 731 1346 crepitantibus
745 1289 828 1328 urere
842 1271 985 1330 flammis:

158 1370 218 1428 sive
233 1366 303 1426 inde
317 1367 447 1426 occultas
462 1367 535 1426 vires
551 1378 580 1426 et
594 1369 702 1445 pabula
716 1379 810 1427 terrae

158 1466 279 1543 pinguia
293 1466 472 1542 concipiunt,
488 1467 547 1524 sive
562 1467 616 1524 illis
630 1484 720 1525 omne
736 1485 789 1543 per
803 1467 901 1542 ignem

159 1563 332 1640 excoquitur
344 1563 447 1622 vitium
462 1573 549 1639 atque
565 1563 688 1622 exsudat
702 1564 809 1622 inutilis
823 1581 917 1636 umor,

159 1681 211 1722 seu
225 1662 321 1738 plures
337 1661 417 1718 calor
430 1661 476 1718 ille
490 1661 551 1719 vias
566 1671 596 1719 et
611 1680 701 1720 caeca
715 1662 825 1721 relaxat

159 1760 345 1837 spiramenta,
362 1777 452 1816 novas
466 1759 563 1816 veniat
577 1777 636 1834 qua
650 1778 737 1818 sucus
752 1761 781 1818 in
798 1760 902 1819 herbas
914 1781 923 1833 ;

159 1876 211 1917 seu
227 1857 312 1940 durat
327 1856 428 1932 magis,
445 1866 475 1914 et
489 1875 578 1915 venas
592 1856 746 1933 adstringit
761 1856 874 1929 hiantis,

160 1975 197 2015 ne
211 1966 316 2015 tenues
330 1954 445 2030 pluviae
460 1953 590 2031 rapidive
605 1956 738 2032 potentia
752 1955 820 2014 solis

160 2055 254 2114 aerior
267 2063 317 2111 aut
332 2054 444 2111 Boreae
459 2053 638 2128 penetrabile
653 2053 741 2129 frigus
756 2052 868 2113 adurat.

161 2153 289 2212 Multum
305 2150 391 2224 adeo,
407 2152 501 2209 rastris
515 2151 614 2226 glebas
629 2152 679 2227 qui
694 2152 798 2228 frangit
812 2153 911 2212 inertis

160 2250 363 2325 vimineasque
377 2248 463 2307 trahit
477 2258 579 2320 crates,
595 2250 673 2307 iuvat
688 2269 763 2320 arva,
779 2268 875 2325 neque
890 2250 970 2310 illum

161 2349 235 2408 flava
249 2349 340 2407 Ceres
355 2347 415 2406 alto
430 2347 609 2422 nequiquam
623 2357 738 2423 spectat
752 2349 901 2424 Olympo;

161 2456 191 2505 et
205 2447 264 2522 qui,
280 2445 426 2523 proscisso
441 2463 516 2520 quae
532 2445 651 2504 suscitat
665 2463 793 2521 aequore
808 2458 897 2522 terga,

161 2563 257 2603 rursus
273 2545 303 2602 in
317 2544 469 2618 obliquum
483 2561 566 2601 verso
582 2544 743 2619 perrumpit
757 2553 850 2602 aratro

162 2653 339 2718 exercetque
354 2642 490 2717 frequens
506 2641 636 2700 tellurem
652 2651 741 2716 atque
756 2643 879 2717 imperat
893 2643 976 2703 arvis,

161 2739 274 2801 Umida
288 2739 409 2798 solstitia
423 2748 511 2814 atque
526 2738 638 2797 hiemes
653 2749 733 2797 orate
748 2757 874 2812 serenas,
937 2722 940 2726 ¹

162 2839 326 2916 agricolae:
350 2837 473 2896 hiberno
487 2837 643 2895 laetissima
657 2837 776 2912 pulvere
791 2838 874 2910 sarra,

162 2938 255 2995 laetus
270 2955 358 3013 ager;
379 2935 460 2993 nullo
474 2943 587 2994 tantum
601 2953 633 2992 se
649 2935 745 3010 Mysia
759 2935 838 2993 cultu

163 3035 251 3093 iactat
266 3044 296 3093 et
309 3035 373 3111 ipsa
387 3051 453 3092 suas
468 3033 608 3090 mirentur
622 3033 751 3108 Gargara
766 3051 884 3092 messes.

165 3131 246 3206 Quid
260 3131 368 3204 dicam,
383 3131 461 3190 iacto
477 3130 528 3206 qui
542 3129 654 3188 semine
670 3131 835 3188 comminus
850 3149 918 3188 arva

165 3229 325 3305 insequitur
339 3229 530 3303 cumulosque
545 3228 600 3286 ruit
615 3229 690 3286 male
705 3229 819 3305 pinguis
834 3247 950 3302 arenae,

164 3326 274 3386 deinde
289 3327 357 3386 satis
371 3325 490 3386 fluvium
505 3324 618 3384 inducit
631 3327 768 3402 rivosque
782 3327 931 3403 sequentis

165 3435 203 3497 et,
220 3444 288 3483 cum
301 3433 419 3483 exustus
433 3442 502 3500 ager
515 3424 707 3483 morientibus
721 3434 835 3483 aestuat
848 3426 953 3498 herbis,

165 3541 238 3582 ecce
253 3522 407 3598 supercilio
423 3521 524 3580 clivosi
538 3521 657 3580 tramitis
672 3522 784 3581 undam

166 3621 265 3679 elicit?
307 3619 360 3679 Illa
374 3618 485 3677 cadens
499 3638 621 3678 raucum
635 3638 688 3696 per
701 3621 776 3679 levia
790 3640 919 3681 murmur

165 3736 236 3777 saxa
249 3717 317 3792 ciet,
332 3716 530 3794 scatebrisque
544 3717 656 3776 arentia
670 3727 814 3794 temperat
828 3737 904 3778 arva.

572 3846 631 3881 ¹⁰⁰⁴
647 3847 767 3894 Brackets.
786 3849 815 3895 R.
