2742 4284
114 344 258 410 V11.552.]
461 334 492 397 A
521 333 666 415 Quarrel
685 335 823 398 Emues.

112 523 192 578 Tum
206 539 275 579 vero
289 521 328 579 ad
343 540 447 580 vocem
463 521 581 592 celeres,
597 537 656 595 qua
670 521 777 579 bucina
791 522 906 595 signum

113 619 178 676 dira
192 619 284 690 dedit,
299 620 387 693 raptis
403 627 581 676 concurrunt
596 618 726 692 undique
740 619 803 675 telis

112 716 249 774 indomiti
263 717 425 790 agricolae;
448 733 504 772 nec
519 734 580 773 non
595 724 624 772 et
639 716 728 773 Troia
740 716 834 790 pubes

57 806 59 810 ¹
112 815 242 872 Ascanio
256 813 394 871 auxilium
409 814 508 871 castris
523 812 644 870 effundit
658 815 774 889 apertis.

112 912 255 970 Direxere
270 911 357 969 acies.
401 912 469 968 Non
485 911 543 968 iam
558 912 717 969 certamine
732 912 846 986 agresti,

111 1009 258 1084 stipitibus
274 1008 352 1066 duris
367 1010 459 1084 agitur
475 1009 632 1067 sudibusve
646 1011 795 1085 praeustis

111 1108 166 1166 sed
181 1108 257 1165 ferro
271 1108 391 1182 ancipiti
405 1107 569 1166 decernunt
582 1119 701 1183 atraque
716 1110 772 1166 late

112 1206 256 1264 horrescit
270 1206 373 1262 strictis
388 1223 471 1281 seges
487 1207 604 1265 ensibus
619 1224 744 1282 aeraque
760 1207 870 1280 fulgent

111 1305 175 1362 sole
191 1304 324 1361 lacessita
338 1316 366 1362 et
383 1306 480 1362 lucem
494 1306 548 1364 sub
563 1305 662 1364 nubila
675 1305 802 1362 iactant:

111 1403 217 1460 fluctus
232 1404 272 1460 uti
288 1403 383 1478 primo
401 1404 500 1478 coepit
515 1422 584 1461 cum
598 1405 747 1462 albescere
762 1415 860 1472 ventu,

111 1502 253 1576 paulatim
268 1519 332 1559 sese
347 1501 420 1559 tollit
435 1520 513 1559 mare
529 1511 558 1559 et
572 1502 655 1558 altius
671 1501 764 1558 undas

112 1599 206 1674 erigit,
222 1598 291 1656 inde
307 1600 366 1657 imo
383 1601 530 1674 consurgit
544 1598 582 1656 ad
597 1599 716 1656 aethera
731 1600 832 1657 fundo.
882 1629 886 1638 ·

113 1699 174 1757 Hic
190 1699 303 1757 iuvenis
319 1701 442 1774 primam
460 1710 527 1757 ante
543 1701 636 1756 aciem
652 1698 792 1756 stridente
807 1700 919 1774 sagitta,

111 1807 248 1854 natorum
262 1797 364 1872 Tyrrhi
379 1798 471 1856 fuerat
486 1799 536 1872 qui
550 1799 703 1867 maximus,
719 1798 814 1867 Almo,

111 1895 267 1965 sternitur,
290 1895 381 1952 haesit
396 1897 475 1953 enim
490 1896 544 1953 sub
558 1905 672 1970 gutture
688 1896 790 1953 volnus
805 1904 835 1952 et
849 1894 925 1952 udae

110 1994 194 2052 vocis
210 1994 262 2050 iter
276 2003 455 2068 tenuemque
471 1995 587 2052 inclusit
602 1994 742 2067 sanguine
757 1994 854 2050 vitam.
920 2004 925 2012 ·

112 2093 246 2166 Corpora
260 2092 351 2148 multa
364 2093 456 2148 virum
470 2092 549 2148 circa
562 2092 718 2165 seniorque
733 2091 882 2161 Galaesus,

110 2190 184 2247 dum
199 2189 265 2263 paci
280 2189 410 2247 medium
426 2208 457 2246 se
472 2189 564 2260 offert,
580 2190 750 2247 iustissimus
765 2207 839 2246 unus

110 2287 162 2362 qui
177 2287 230 2344 fuit
245 2287 438 2363 Ausoniisque
454 2288 524 2344 olim
539 2287 696 2345 ditissimus
711 2288 803 2344 arvis:

110 2384 243 2460 quinque
259 2402 361 2460 greges
376 2384 412 2441 illi
428 2385 586 2456 balantum,
601 2387 691 2460 quina
705 2385 840 2442 redibant

109 2491 253 2552 armenta,
268 2491 298 2539 et
313 2492 417 2540 terram
434 2493 552 2540 centum
567 2484 698 2540 vertebat
712 2483 819 2539 aratris.

152 2582 249 2654 Atque
266 2599 300 2638 ea
315 2599 368 2655 per
383 2597 504 2655 campos
520 2598 615 2655 aequo
631 2580 701 2638 dum
718 2583 813 2638 Marte
828 2590 973 2654 geruntur,

109 2678 246 2754 promissi
260 2678 317 2736 dea
333 2679 409 2735 facta
424 2689 539 2752 potens,
555 2679 603 2736 uhi
619 2680 758 2753 sanguine
773 2678 880 2736 bellum

111 2776 217 2833 imbuit
232 2785 261 2832 ct
275 2777 386 2850 primae
403 2777 549 2834 commisit
563 2776 664 2834 funera
678 2795 803 2852 pugnae,

110 2872 221 2932 deserit
236 2874 412 2948 Hesperiam
427 2885 457 2932 et
471 2875 545 2931 caeli
559 2893 692 2932 convexa
706 2892 758 2949 per
772 2893 855 2931 auras

111 2973 260 3029 Iunonem
275 2961 377 3028 victrix
393 2972 507 3030 adfatur
521 2990 593 3029 voce
609 2973 752 3047 superba:

111 3074 118 3099 ‘
130 3070 188 3135 En,
204 3069 334 3143 perfecta
348 3071 399 3128 tibi
414 3070 491 3128 bello
506 3069 654 3128 discordia
666 3071 756 3128 tristi:

111 3166 162 3223 dic
177 3166 207 3223 in
223 3167 380 3224 amicitiam
396 3179 502 3225 coeant
517 3177 547 3224 et
562 3167 680 3225 foedera
695 3171 823 3242 iungant.

111 3263 242 3338 Quando
257 3264 379 3338 quidem
394 3267 525 3323 Ausonio
540 3266 663 3340 respersi
679 3267 819 3340 sanguine
833 3268 973 3337 Teucros

110 3363 171 3420 hoc
186 3363 274 3420 etiam
290 3362 334 3420 his
350 3362 467 3433 addam,
483 3373 530 3420 tua
547 3363 571 3420 si
587 3363 657 3421 mihi
672 3374 753 3420 certa
767 3364 916 3421 voluntas:

109 3459 249 3517 finitimas
263 3460 293 3516 in
307 3460 383 3518 bella
397 3461 486 3519 feram
501 3461 664 3519 rumoribus
679 3461 765 3518 urbes

109 3555 335 3631 accendamque
351 3557 463 3616 animos
478 3558 570 3616 insani
586 3559 689 3616 Martis
703 3577 811 3629 amore,

109 3653 243 3728 undique
259 3663 289 3710 ut
303 3655 409 3712 auxilio
423 3657 558 3725 veniant;
582 3675 717 3730 spargam
731 3676 811 3714 arma
825 3677 878 3731 per
891 3659 993 3733 agros!

108 3754 189 3810 Tum
204 3761 307 3808 contra
322 3752 416 3823 Iuno;
442 3754 616 3811 ‘Terrorum
631 3763 660 3810 et
675 3754 782 3811 fraudis
799 3752 917 3810 abunde
932 3761 994 3822 est;

315 3879 349 3912 ⁵²⁸
360 3882 479 3926 derexere.
498 3883 525 3926 R.
735 3881 769 3914 ⁵⁸²
785 3884 891 3936 JJWW‘·
906 3885 963 3928 EdS·
