2742 4284
153 312 197 375 94
376 292 507 355 Turnus
530 293 637 354 Borne
661 295 767 374 Awoy
790 294 826 356 in
848 317 869 357 a
895 297 986 378 Ship.
1084 308 1211 371 [AEnnro.

154 479 230 537 Cum
245 480 377 537 Turnum
392 478 491 536 medio
507 479 617 535 interea
631 479 684 536 sert
698 497 824 553 aequore
839 481 933 538 turbo.
1162 484 1209 540 ⁶⁶5

154 575 287 651 Respicit
302 576 417 650 ignams
431 594 528 635 rerum
542 575 728 651 ingratusque
744 577 842 634 salutis

154 683 183 730 et
197 671 321 748 duplicis
337 691 404 730 curn
420 690 494 730 voce
508 691 612 730 manus
627 672 665 730 ad
680 672 776 731 sidera
789 676 901 733 tendit:

154 770 368 845 ‘Omnipotens
382 770 504 846 genitor,
519 779 622 828 tanton
638 789 684 828 me
701 772 821 829 crimine
836 773 959 848 dignum

154 871 260 928 duxisti
275 879 305 927 et
319 870 382 927 talis
397 869 511 927 voluisti
526 870 694 945 expendere
706 873 839 946 poenas?

154 968 222 1043 Quo
236 969 332 1025 seror?
373 966 462 1026 Unde
478 967 557 1026 abii?
598 967 683 1042 Quae
699 987 746 1025 rne
761 970 828 1044 fuga
843 989 967 1044 quemve
982 972 1116 1030 reducit?
1160 974 1206 1029 ⁶7⁰

154 1067 342 1124 Laurentisne
357 1065 462 1122 iterum
477 1083 575 1122 muros
590 1077 639 1122 aut
654 1075 748 1123 castra
761 1066 890 1125 videbo?

154 1163 234 1238 Quid
250 1181 352 1220 manus
367 1163 414 1219 illa
429 1162 529 1234 virum,
545 1164 595 1237 qui
611 1181 658 1220 me
673 1182 798 1238 meaque
813 1183 892 1222 arma
906 1167 1019 1224 secuti?

154 1262 275 1336 Quosne
295 1259 407 1337 (nefas)
427 1261 522 1318 omnis
538 1261 657 1318 infanda
671 1262 701 1318 in
717 1271 809 1320 morte
823 1264 925 1338 reliqui

153 1369 183 1417 et
196 1378 275 1416 nunc
291 1358 414 1433 palantis
428 1357 515 1416 video
530 1359 729 1434 gemitumque
745 1359 903 1419 cadentum

153 1458 267 1532 accipio
282 1461 287 1515 l
331 1457 410 1531 Quid
425 1459 502 1532 ago?
544 1461 602 1516 Aut
617 1476 692 1532 quae
707 1459 763 1515 iam
780 1459 846 1516 satis
861 1460 920 1516 ima
933 1459 1065 1519 dehiscat

152 1566 228 1614 terra
242 1555 334 1612 mihi?
374 1556 479 1615 Vos‘O
494 1557 591 1630 potius
607 1557 783 1614 miserescite
797 1557 893 1614 venti:

153 1655 183 1711 in
196 1671 292 1728 rupes,
309 1653 338 1710 in
354 1671 431 1723 saxa,
448 1653 549 1711 volens
564 1672 615 1710 vos
630 1655 744 1711 Turnus
758 1654 860 1725 adoro,

153 1752 224 1808 ferte
239 1761 330 1808 ratem
345 1752 496 1825 saevisque
510 1751 592 1809 vadis
607 1753 753 1810 immittite
768 1752 864 1826 Syrtis,

153 1867 213 1923 quo
228 1867 324 1923 neque
340 1867 387 1906 me
405 1849 506 1906 Rutuli
520 1867 576 1907 nec
592 1850 715 1907 conscia
728 1850 804 1906 fama
818 1855 971 1924 sequatur)

155 1948 241 2004 Haec
257 1965 422 2004 memorans
438 1947 536 2005 animo
552 1966 631 2006 nunc
646 1947 714 2019 huc,
731 1967 809 2005 nunc
824 1949 943 2007 fluctuat
956 1951 1032 2022 illuc,

153 2065 191 2102 an
205 2063 269 2102 sese
284 2062 424 2103 mucrone
439 2045 479 2103 ob
494 2054 607 2102 tantum
623 2045 754 2104 dedecus
768 2065 871 2104 amens

153 2142 256 2200 induat
271 2153 300 2200 et
315 2143 439 2201 crudum
453 2161 506 2218 per
520 2154 616 2202 costas
632 2145 728 2219 exigat
742 2163 852 2216 ensem,

153 2240 287 2297 fluctibus
302 2259 339 2298 an
354 2241 440 2298 iaciat
455 2241 558 2300 mediis
573 2251 602 2300 et
616 2242 700 2300 litora
713 2243 813 2301 nando

153 2356 241 2395 curva
255 2347 336 2412 petat
350 2340 556 2413 Teucrumque
572 2340 674 2397 iterum
690 2359 721 2398 se
736 2340 841 2400 reddat
854 2343 884 2399 in
898 2361 985 2400 arma.

153 2438 212 2494 Ter
226 2447 348 2495 conatus
364 2447 515 2511 utramque
531 2438 616 2509 viam,
631 2447 675 2496 ter
690 2439 817 2496 maxima
831 2441 906 2497 luno

154 2536 297 2592 continuit
311 2536 505 2610 iuvenemque
521 2537 609 2593 animi
624 2537 758 2594 miserata
772 2539 914 2612 repressit.

156 2633 274 2690 Labitur
288 2634 345 2690 alta
360 2651 462 2690 secans
477 2634 624 2708 fluctuque
640 2645 780 2709 aestuque
796 2636 928 2693 secundo
996 2698 999 2702 A

154 2741 183 2786 et
198 2731 286 2806 patris
301 2733 452 2805 antiquam
469 2733 565 2789 Dauni
581 2731 708 2790 defertur
721 2733 759 2790 ad
774 2735 885 2792 urbem.

196 2831 233 2886 At
249 2830 325 2887 lovis
340 2830 451 2886 interea
466 2830 581 2886 monitis
598 2832 761 2889 Mezentius
777 2831 881 2889 ardens

155 2927 287 2985 succedit
302 2946 418 3003 pugnae
433 2929 622 3000 Teucrosque
637 2928 748 2986 invadit
762 2931 882 2987 ovantis.

156 3025 340 3084 Concurrunt
355 3027 523 3101 Tyrrhenae
538 3027 615 3082 acies
631 3035 717 3099 atque
733 3027 867 3084 omnibus
883 3027 941 3098 uni,

156 3123 205 3180 uni
220 3122 352 3198 odiisque
368 3125 428 3182 viro
445 3125 567 3199 telisque
582 3124 781 3198 frequentibus
795 3125 912 3182 instant

158 3221 208 3278 Ille
223 3221 301 3278 velut
314 3241 410 3297 rupes,
425 3234 538 3281 vastum
556 3241 629 3298 quae
645 3223 744 3298 prodit
757 3223 787 3280 in
802 3241 920 3299 aequor,

156 3319 242 3376 obvia
254 3330 407 3377 ventorum
422 3322 499 3379 furiis
515 3332 696 3397 expostaque
711 3332 812 3396 ponto,

156 3416 213 3472 vim
228 3427 365 3474 cunctam
380 3429 467 3492 atque
483 3421 575 3478 minas
590 3421 698 3495 perfert
712 3419 843 3493 caelique
859 3419 1012 3493 marisque,

156 3513 218 3587 ipsa
232 3514 353 3572 immota
367 3535 497 3587 manens
513 3518 625 3593 prolem
643 3517 833 3576 Dolichaonis
850 3517 984 3574 Hebrum

156 3609 256 3668 sternit
270 3611 360 3683 humi,
376 3631 444 3670 curn
459 3630 518 3687 quo
534 3616 676 3690 Latagum
692 3616 882 3689 Palmumque
898 3615 1041 3688 fugacem,

156 3705 209 3764 sed
225 3708 366 3784 Latagum
381 3729 450 3768 saxo
466 3722 552 3786 atquc
567 3713 679 3788 ingenti
694 3714 833 3788 fragmine
849 3712 955 3769 montis

156 3813 285 3878 occupat
300 3823 333 3861 os
348 3804 511 3880 faciemque
525 3807 686 3880 adversam,
702 3810 813 3884 poplite
830 3810 962 3867 Palmum
