2742 4284
188 296 227 374 78
442 291 573 356 AEneas
598 290 674 356 Sets
699 287 768 354 Out
788 299 820 353 to
841 288 978 354 Return.

186 496 243 536 nec
257 496 325 555 spes
340 477 397 536 ulla
411 475 504 554 fugae.
549 476 649 535 Miseri
663 485 740 534 stant
755 475 879 534 turribus
892 474 957 534 altis

186 575 366 651 nequiquam
381 584 410 633 et
423 593 486 633 rara
500 592 597 632 muros
612 575 729 632 cinxere
744 591 854 632 corona

187 675 272 732 Asius
288 673 463 732 Imbrasides
479 673 733 746 Hicetaoniusque
747 672 927 748 Thymoetes

187 772 378 846 Assaracique
393 770 454 829 duo
469 779 499 828 et
513 769 610 829 senior
623 789 693 828 curn
709 770 831 828 Castore
844 770 1007 846 Thymbris,

186 870 279 946 prima
292 870 370 928 acies
382 887 389 939 ;
412 868 466 927 hos
480 868 611 944 germani
625 866 801 942 Sarpedonis
816 868 904 926 ambo

187 978 216 1026 et
232 967 332 1028 Clarus
347 975 377 1026 et
389 967 545 1025 Thaemon
560 966 650 1042 Lycia
664 966 841 1024 comitantur
854 966 893 1024 ab
906 966 971 1026 alta.

188 1067 256 1124 Fert
269 1066 372 1142 ingens
387 1073 450 1124 toto
465 1065 583 1123 conixus
599 1081 722 1148 corpore
736 1083 847 1136 saxum,

187 1163 266 1222 haud
280 1173 392 1239 partem
408 1163 542 1238 exiguam
558 1163 674 1233 montis,
692 1163 846 1237 Lyrnesius
860 1164 984 1232 Acmon,

187 1280 244 1320 nec
259 1262 355 1338 Clytio
368 1262 499 1338 genitore
515 1261 611 1319 minor
624 1278 681 1318 nec
696 1260 781 1318 fratre
797 1259 981 1319 Menestheo.

188 1361 230 1419 Hi
246 1360 354 1431 iaculis,
369 1359 408 1418 illi
423 1369 533 1418 certant
548 1357 709 1417 defendere
724 1359 799 1417 saxis

187 1458 338 1533 molirique
353 1457 451 1533 ignem
466 1475 613 1531 nervoque
628 1466 728 1532 aptare
743 1456 870 1532 sagittas.

188 1558 255 1634 lpse
271 1557 345 1615 inter
359 1555 482 1627 medios
497 1555 619 1612 Veneris
634 1554 791 1613 iustissima
804 1573 883 1623 cura,

187 1653 352 1714 Dardanius
367 1663 456 1730 caput
471 1671 542 1711 ecce
557 1670 630 1729 puer
644 1651 778 1711 detectus
793 1652 957 1722 honestum,

187 1752 277 1827 qualis
291 1769 409 1828 gemma
424 1751 520 1823 micat,
536 1751 645 1808 fulvum
660 1769 735 1825 quae
752 1749 854 1809 dividit
867 1768 978 1822 aurum,

187 1860 236 1908 aut
250 1850 326 1908 collo
341 1849 432 1908 decus
447 1859 497 1907 aut
511 1849 619 1926 capiti;
640 1849 687 1906 vel
701 1849 787 1923 quale
801 1866 853 1923 per
867 1857 959 1906 artem

188 1948 331 2006 inclusum
345 1947 423 2006 buxo
439 1956 488 2004 aut
503 1947 604 2006 Oricia
618 1946 783 2004 terebintho

186 2046 264 2103 lucet
278 2045 369 2118 ebur;
390 2045 469 2104 fusos
484 2045 581 2102 cervix
596 2045 643 2102 cui
657 2044 753 2101 lactea
766 2043 853 2101 crinis

187 2143 294 2218 accipit
309 2154 338 2201 et
352 2143 432 2201 molli
446 2143 623 2201 subnectens
639 2141 763 2199 circulus
777 2159 856 2199 auro.

187 2242 230 2298 Te
246 2259 363 2316 quoque
379 2241 581 2316 magnanimae
597 2239 740 2310 viderunt,
758 2240 878 2309 Ismare,
893 2247 995 2314 gentes

187 2342 305 2398 volnera
319 2340 441 2416 dirigere
457 2349 487 2397 et
502 2341 629 2398 calamos
645 2357 756 2396 armare
771 2356 896 2410 veneno,

189 2439 326 2497 Maeonia
339 2456 481 2514 generose
496 2437 597 2508 domo,
612 2437 662 2494 ubi
677 2436 797 2512 pinguia
812 2436 890 2494 culta

188 2546 383 2611 exercentque
398 2536 449 2593 viri
464 2535 657 2609 Pactolusque
672 2535 776 2609 inrigat
789 2553 869 2592 auro.

188 2634 288 2692 Adfuit
302 2643 331 2692 et
343 2633 525 2704 Mnestheus,
541 2651 629 2707 quem
645 2633 720 2708 pulsi
734 2633 853 2707 pristina
866 2630 957 2690 Tomi

188 2751 292 2808 aggere
308 2749 474 2791 moerorum
488 2730 643 2789 sublimem
658 2731 748 2806 gloria
762 2731 843 2801 tollit,

188 2839 218 2888 et
232 2831 347 2906 Capys:
370 2829 439 2887 hinc
452 2846 563 2887 nomen
578 2829 748 2903 Campanae
763 2828 878 2886 ducitur
890 2828 963 2887 urbi.

230 2928 273 2985 llli
288 2928 362 2985 inter
375 2945 439 2985 sese
454 2925 518 2985 duri
533 2927 694 2984 certamina
707 2926 775 2984 belli

188 3025 388 3083 contulerant:
411 3024 510 3083 media
524 3026 638 3082 Aeneas
653 3026 726 3082 freta
740 3035 827 3082 nocte
842 3026 969 3082 secabat.

189 3123 324 3198 Namque
339 3133 370 3181 ut
385 3124 422 3182 ab
437 3121 577 3181 Euandro
592 3123 693 3181 castris
708 3123 853 3198 ingressus
869 3121 999 3181 Etruscis

187 3238 286 3295 regem
301 3220 362 3280 adit
376 3229 405 3279 et
419 3221 480 3296 regi
494 3231 638 3280 memorat
652 3239 821 3295 nomenque
837 3239 996 3296 genusque,

188 3317 296 3393 quidve
311 3328 391 3393 petat
406 3318 514 3394 quidve
529 3319 591 3395 ipse
607 3320 688 3391 ferat,
705 3319 870 3377 Mezentius
887 3338 966 3377 arma

188 3434 262 3491 quae
278 3415 330 3474 sibi
347 3415 491 3488 conciliet,
506 3417 692 3492 violentaque
706 3427 827 3492 pectora
841 3416 934 3476 Turni

187 3511 304 3585 edocet,
321 3513 453 3572 humanis
468 3532 543 3589 quae
558 3516 594 3574 sit
608 3515 716 3574 fiducia
730 3515 816 3574 rebus

188 3610 328 3670 admonet
342 3611 545 3688 immiscetque
559 3631 680 3689 preces:
704 3611 783 3671 haud
796 3611 829 3670 fit
843 3631 932 3682 mora,
947 3609 1084 3669 Tarchon

188 3708 278 3784 iungit
293 3727 365 3784 opes
379 3708 542 3786 foedusque
557 3711 640 3784 serit3
662 3721 725 3769 tum
739 3710 829 3768 libera
843 3709 893 3768 lati

195 3831 198 3838 ’
246 3835 280 3871 ¹²²
293 3837 458 3895 nequidquam.
479 3840 512 3886 H.
577 3839 609 3872 1³⁸
623 3840 743 3885 subnectit.
763 3839 791 3887 C.
860 3837 893 3872 ¹⁴⁰
908 3837 1023 3896 derigere.
1044 3837 1072 3884 R.
1082 3834 1169 3883 endC.
