2742 4284
168 307 228 382 146
456 303 588 365 AEneas
608 304 749 364 Arracks
770 303 824 364 tlu
846 301 928 383 Cio.

162 501 292 565 pectora,
307 509 364 547 nec
379 491 485 546 misero
499 489 586 564 clipei
600 507 683 546 mora
696 490 804 564 profuit
817 490 904 546 aerei.

162 589 206 645 Te
220 607 339 663 quoque
354 589 513 644 laurentes
527 586 670 656 videmnt,
686 587 787 657 Aeole,
801 587 899 661 campi
935 581 942 590 ’

162 697 303 761 oppetere
318 696 348 742 et
362 686 419 741 late
433 695 541 741 terram
554 695 743 741 consternere
755 695 847 759 tergo.

163 782 294 854 Occidis,
309 783 433 857 Argivae
447 800 537 856 quem
552 799 612 838 non
628 793 751 856 potuere
764 781 923 857 phalanges

162 893 291 940 sternere
306 899 364 939 nec
379 881 484 937 Priami
498 898 654 955 regnorum
668 898 785 936 eversor
798 880 944 952 Achilles,

162 981 210 1037 hic
224 980 276 1037 tihi
290 979 391 1036 mortis
404 988 486 1034 erant
501 989 616 1034 metae:
640 978 747 1035 domus
761 979 820 1034 alta
832 978 888 1036 sub
902 978 966 1048 Ida,

163 1077 282 1153 Lyrnoei
297 1077 403 1133 domus
417 1076 484 1146 alta,
499 1076 563 1132 solo
579 1076 726 1132 Laurente
738 1077 934 1151 sepulchrum

162 1177 257 1232 Totae
270 1174 348 1232 adeo
362 1191 521 1231 conversae
534 1174 623 1244 acies,
638 1191 801 1248 omnesque
816 1175 919 1244 latini,

162 1291 266 1330 omnes
281 1270 479 1341 Dardanidae,
494 1271 669 1328 Mnestheus
683 1289 811 1346 acerque
824 1273 954 1328 Serestus

162 1381 191 1427 et
207 1372 360 1445 Messapus
374 1387 483 1444 equum
497 1368 627 1426 domitor
640 1379 670 1426 et
684 1369 765 1426 fortis
778 1370 871 1426 Asihs

161 1469 384 1542 Tuscorumque
398 1467 527 1542 phalanx
542 1466 731 1540 Evandrique
745 1466 876 1523 Arcades
890 1468 963 1537 alae,

161 1584 215 1640 pro
229 1584 261 1623 se
275 1566 399 1640 quisque
413 1565 464 1620 viri
479 1583 594 1620 summa
608 1565 738 1620 nituntur
751 1583 843 1639 opum
859 1567 905 1621 ii:

162 1681 218 1719 nec
232 1681 315 1720 mora
328 1681 384 1718 nec
398 1663 522 1736 requies,
538 1673 621 1718 vasto
635 1663 796 1718 certamine
808 1662 943 1720 tendunt.

205 1762 265 1817 Hic
279 1772 410 1816 mentem
425 1763 544 1816 Aeneae
557 1761 690 1834 genetrix
705 1760 899 1834 pulcherrima
912 1762 998 1831 misit,

162 1861 216 1915 iret
229 1869 261 1915 ut
274 1857 314 1914 ad
328 1875 426 1914 muros
440 1858 563 1931 urbique
578 1856 741 1914 adverteret
754 1877 861 1932 agmen

162 1957 244 2013 ocius
258 1941 288 2012 et
302 1955 398 2011 subita
411 1955 539 2012 turbaret
554 1954 639 2010 clade
657 1955 786 2012 latinos.

163 2054 215 2110 Ille
230 2063 261 2110 ut
275 2053 420 2126 vestigans
434 2051 549 2109 diversa
563 2070 616 2126 per
631 2053 749 2126 agmina
760 2055 893 2110 Turnum

163 2152 220 2208 huc
234 2161 323 2225 atque
337 2150 396 2206 huc
409 2151 488 2207 acies
504 2151 690 2220 circumtulit,
704 2152 809 2226 aspicit
821 2153 925 2209 urbem

163 2252 323 2306 immunem
337 2249 410 2304 tanti
425 2248 492 2305 belli
506 2259 595 2322 atque
611 2249 731 2323 impune
744 2250 883 2323 quietam.

162 2349 313 2406 Continuo
327 2365 443 2422 pugnae
458 2345 599 2402 adcendit
614 2347 731 2403 maioris
745 2348 860 2421 imago:

163 2446 321 2504 Mnesthea
334 2446 558 2520 Sergestumque
574 2455 661 2500 vocat
674 2444 838 2518 fortemque
853 2447 1000 2503 Serestum

163 2544 299 2602 ductores
313 2543 516 2618 tumulumque
533 2544 622 2617 capit,
637 2561 698 2617 quo
713 2553 810 2598 cetera
823 2545 970 2600 Teucrum

162 2643 308 2699 concurrit
322 2642 399 2715 legio
415 2659 471 2698 nec
486 2651 569 2697 scuta
584 2651 633 2697 aut
647 2641 759 2714 spicula
772 2641 856 2697 densi

163 2740 325 2815 deponunt.
368 2739 457 2796 Celso
473 2735 588 2796 medius
603 2750 682 2794 stans
696 2757 802 2812 aggere
815 2739 907 2795 sanir:

163 2841 288 2914 ‘Nequa
302 2840 375 2895 meis
391 2848 454 2895 esto
469 2837 556 2894 dictis
572 2857 673 2908 mora;
695 2839 828 2913 Iuppiter
841 2839 897 2895 hac
910 2851 976 2909 stat,

163 2957 222 2995 neu
236 2939 300 3012 quis
315 2938 354 2994 ob
369 2939 518 3011 inceptum
536 2938 662 2993 subitum
678 2936 749 2992 mihi
763 2939 881 3011 segnior
893 2939 944 2995 ito.

123 3017 134 3036 ⁸
163 3036 274 3094 L'rbem
290 3035 388 3106 hodie,
406 3054 524 3092 causam
541 3035 617 3104 belli,
633 3053 724 3108 regna
737 3036 801 3108 ipsa
814 3036 918 3105 latini,

163 3135 193 3190 ni
208 3134 320 3190 frenum
334 3135 470 3208 accipere
487 3145 516 3191 et
530 3135 598 3190 iicti
612 3151 714 3208 parere
729 3134 862 3202 latentur,

164 3250 264 3314 eruam
278 3244 308 3289 et
322 3251 416 3306 aequa
431 3234 494 3290 solo
506 3234 648 3290 fumantia
662 3232 791 3288 culmina
804 3250 923 3306 ponam.

164 3331 280 3388 Scilicet
295 3342 473 3406 exspectem,
491 3331 578 3388 libeat
593 3332 665 3387 dum
680 3331 791 3405 proelia
804 3332 906 3387 Turno

165 3441 263 3487 nostra
276 3431 337 3506 pati
350 3449 504 3505 rursusque
519 3432 587 3487 velit
602 3447 776 3486 concurrere
790 3430 905 3486 iictus?

166 3528 236 3584 Hoc
250 3540 347 3604 caput,
364 3529 392 3588 O
407 3530 494 3598 cives,
510 3529 583 3585 haec
598 3529 665 3585 belli
680 3547 795 3585 summa
808 3528 947 3584 nefandi:

165 3625 235 3682 ferte
250 3627 328 3683 iaces
344 3645 466 3701 propere
482 3626 644 3700 foedusque
660 3628 806 3701 reposcite
823 3627 966 3684 flammis!

166 3722 296 3793 Dixerat,
311 3735 397 3796 atque
413 3723 516 3780 animis
531 3724 637 3797 pariter
651 3724 829 3782 certantibus
843 3742 948 3781 omnes

165 3818 237 3875 dant
251 3839 379 3877 cuneum
395 3820 543 3894 densaque
559 3819 597 3876 ad
613 3839 711 3876 muros
725 3821 802 3877 mole
817 3821 956 3878 semntur.

1095 314 1216 375 [anun.
