2742 4284
129 318 205 366 V111.
218 319 288 384 5²0·]
370 308 437 370 'she
459 308 642 372 Etruscans
668 308 751 371 Scek
772 330 793 370 a
816 308 949 370 Leader.

127 493 268 552 tormenti
283 513 385 569 genus,
400 505 430 552 et
443 495 524 552 sanie
537 495 666 570 taboque
681 493 796 553 fluentis

128 592 290 666 complexu
305 593 336 650 in
350 594 455 652 misero
470 594 557 668 louga
570 594 612 651 sic
628 603 721 652 morte
736 593 870 651 necabat.

128 692 169 746 At
184 691 252 747 sessi
266 689 386 748 tandem
403 691 480 748 cives
495 689 613 748 infanda
629 691 774 748 furentem

128 789 233 846 armati
248 788 463 846 circumsistunt
477 789 631 864 ipsumque
647 788 838 864 domumque,

128 887 307 944 obtruncant
322 886 428 958 socios,
444 886 541 961 ignem
556 885 594 944 ad
610 887 723 962 fastigia
736 888 853 945 iactant.

129 985 184 1043 Ille
200 985 275 1042 inter
290 984 413 1042 caedem
430 985 605 1042 Rutulorum
621 986 736 1060 elapsus
749 986 780 1044 in
794 1003 880 1060 agros

128 1084 289 1158 confugere
305 1094 335 1140 et
348 1083 439 1142 Turni
454 1083 606 1141 defendier
621 1083 743 1158 hospitis
757 1083 853 1140 armis.
961 1073 964 1079 ’

129 1183 210 1256 Ergo
225 1181 320 1238 omnis
336 1181 414 1238 furiis
429 1181 552 1240 surrexit
568 1183 682 1240 Etruria
695 1182 794 1240 iustis:

127 1297 230 1354 regem
245 1278 283 1336 ad
299 1280 475 1354 supplicium
491 1280 636 1354 praesenti
651 1281 746 1340 Marte
761 1291 928 1356 reposcunt.

129 1379 189 1436 His
204 1395 259 1451 ego
276 1387 313 1448 te,
331 1379 440 1448 Aenea,
457 1377 611 1435 ductorem
627 1378 742 1436 milibus
757 1378 875 1435 addam.

127 1476 208 1532 Toto
223 1493 351 1549 namque
369 1475 493 1532 fremunt
508 1475 676 1533 condensae
693 1477 776 1534 litore
791 1493 906 1552 puppes

128 1574 270 1648 signaque
286 1573 358 1629 serre
377 1573 497 1644 iubent;
519 1574 623 1631 retinet
638 1574 795 1648 longaevus
810 1573 955 1648 haruspex

128 1673 190 1729 fata
204 1688 322 1740 canens,
340 1670 395 1729 “0
412 1671 567 1728 Maeoniae
583 1671 700 1729 delecta
714 1671 857 1743 iuventus,

128 1769 184 1827 flos
198 1779 329 1825 vetemur
345 1768 492 1841 virtusque
509 1769 610 1838 virum,
625 1787 701 1844 quos
715 1770 806 1828 iustus
820 1769 850 1827 in
865 1769 980 1827 hostem

128 1869 184 1925 fert
199 1865 284 1923 dolor
298 1875 328 1921 et
344 1865 446 1922 merita
460 1865 597 1923 accendit
615 1868 778 1924 Mezentius
792 1867 842 1939 ira,

128 1965 201 2023 nulli
216 1965 257 2022 sas
274 1964 348 2021 Italo
362 1974 471 2020 tantam
487 1965 661 2039 subiungere
676 1976 813 2039 gentem:

129 2072 266 2122 externos
282 2071 382 2136 optate
398 2061 489 2118 duces
501 2064 538 2133 ”;
560 2072 621 2118 tum
638 2063 762 2120 Etrusca
775 2064 883 2121 resedit

129 2164 189 2220 hoc
204 2161 282 2218 acies
299 2177 416 2234 campo,
434 2160 552 2217 monitis
567 2161 702 2217 exterrita
716 2160 824 2218 divom.

131 2263 201 2335 Ipse
216 2269 346 2316 oratores
361 2257 398 2314 ad
416 2276 462 2314 me
477 2258 616 2331 regnique
632 2277 772 2317 coronam

130 2377 200 2418 cum
214 2366 331 2431 sceptro
348 2355 425 2412 misit
440 2354 618 2430 mandatque
633 2357 758 2431 iusignia
770 2359 917 2428 Tarchon,

129 2454 293 2515 succedam
309 2453 410 2510 castris
425 2454 633 2527 Tyrrhenaque
648 2472 738 2528 regna
751 2473 912 2531 capessam.

130 2553 190 2614 Sed
205 2553 276 2612 mihi
291 2551 374 2610 tarda
388 2552 454 2628 gelu
470 2552 630 2625 saeclisque
646 2551 733 2610 effeta
747 2564 885 2612 senectus

130 2652 245 2711 invidet
260 2652 415 2726 imperium
432 2667 571 2724 seraeque
586 2649 625 2706 ad
639 2651 724 2707 fortia
738 2652 820 2709 vires.

132 2753 243 2810 Natum
260 2751 435 2819 exhortarer,
453 2750 483 2806 ni
499 2749 605 2806 mixtus
621 2761 712 2806 matre
728 2751 840 2808 Sabella

131 2851 201 2909 hinc
217 2861 330 2926 partem
346 2850 455 2924 patriae
472 2849 605 2905 traheret.
648 2849 703 2917 Tu,
719 2849 801 2906 cuius
816 2862 845 2906 et
859 2852 942 2907 anuis

132 2959 162 3007 et
176 2949 276 3024 generi
291 2949 350 3006 sata
366 2947 527 3022 indulgent,
542 2965 631 3021 quem
647 2948 767 3004 numina
781 2959 915 3021 poscunt,

132 3045 295 3122 ingredere,
312 3065 331 3103 ο
345 3047 493 3104 Teucrum
509 3056 597 3120 atque
614 3045 719 3102 Italum
733 3045 886 3103 fortissime
901 3046 1014 3103 ductor.

134 3149 227 3205 Hunc
242 3147 294 3205 tibi
309 3157 467 3221 praeterea,
485 3163 553 3221 spes
568 3154 597 3202 et
612 3145 721 3201 solacia
735 3143 833 3214 nostri,

133 3246 263 3303 Pallanta
278 3245 435 3318 adiungam
448 3267 455 3313 ;
478 3246 533 3302 sub
547 3254 576 3301 te
591 3246 714 3302 tolerare
729 3243 866 3317 magistro

132 3343 265 3402 militiam
280 3354 309 3400 et
323 3361 409 3417 grave
427 3344 529 3400 Martis
545 3361 628 3418 opus,
645 3353 694 3399 tua
708 3358 826 3398 cernere
841 3341 918 3397 facta

133 3441 289 3499 adsuescat
303 3441 403 3516 primis
418 3451 446 3498 et
461 3451 489 3497 te
506 3442 624 3498 miretur
638 3441 675 3498 ab
691 3441 782 3497 annis.

133 3537 264 3597 Arcadas
280 3538 348 3595 huic
364 3539 475 3613 equites
490 3538 534 3595 bis
550 3550 679 3609 centum,
696 3539 803 3595 robora
816 3538 902 3612 pubis

133 3637 210 3694 lecta
227 3635 305 3694 dabo
321 3635 503 3710 totidemque
519 3654 572 3694 suo
588 3636 640 3693 tibi
656 3635 777 3693 nomine
793 3635 904 3692 Pallas)

175 3735 232 3790 Vix
246 3751 281 3790 ea
295 3733 370 3790 fatus
385 3743 454 3803 erat,
471 3732 619 3808 defixique
634 3751 685 3790 ora
701 3734 839 3790 tenebant
1149 3743 1192 3785 520

135 3861 168 3895 ⁴⁹²
183 3862 269 3908 caedes.
291 3861 319 3906 R.
392 3859 427 3895 ⁵⁰⁶
448 3863 545 3908 Tarcho.
566 3862 599 3908 H.
673 3861 708 3896 514
723 3862 816 3907 solatia.
838 3862 870 3905 H.
944 3859 977 3892 519
992 3860 1037 3902 sibi
1048 3873 1150 3903 munere.
1163 3860 1190 3904 R.
