2742 4284
127 281 185 357 138
390 275 582 339 Tolumnius
605 276 714 339 Hurls
736 299 758 339 a
784 277 895 359 Spear.
1053 292 1170 354 [AEurrn

123 463 204 521 Dixit
218 473 248 521 et
261 462 398 522 adversos
413 463 503 521 telum
518 463 658 522 contorsit
672 463 703 521 in
717 463 809 522 hostis

121 579 311 639 procurrens:
335 561 463 620 sonitum
477 560 528 619 dat
543 561 662 620 stridula
676 579 782 620 cornus
797 571 827 621 et
841 581 924 622 auras

82 677 84 680 ·
121 672 200 720 certa
214 669 302 720 secat.
346 659 437 718 Simul
451 659 518 732 hoc,
533 660 619 719 simul
634 661 737 735 ingens
753 661 864 720 clamor
878 673 907 720 et
921 681 1024 721 omnes

120 760 226 819 turbati
240 758 327 817 cunei
341 757 541 835 calefactaque
556 757 648 818 corda
662 760 796 818 tumultu.

122 860 217 916 Hasta
229 858 337 929 volans,
354 867 385 915 ut
399 857 472 915 forte
489 875 596 915 novem
612 857 808 932 pulcherrima
821 859 938 917 fratrum

121 973 245 1032 corpora
259 956 451 1014 constiterant
470 965 579 1027 contra,
596 974 671 1031 quos
686 954 747 1013 fida
760 966 870 1013 crearat

31 1056 36 1068 ‘
120 1073 179 1112 una
192 1063 235 1112 tot
249 1052 375 1111 Arcadio
390 1053 520 1110 coniunx
534 1054 683 1129 Tyrrhena
698 1054 837 1130 Gylippo,

121 1152 224 1210 horum
238 1170 328 1209 unum
343 1150 382 1208 ad
398 1150 538 1223 medium,
553 1151 653 1208 teritur
668 1170 727 1227 qua
741 1151 831 1209 sutilis
845 1151 911 1210 alvo

120 1250 232 1308 balteus
248 1258 277 1306 et
290 1249 412 1306 laterum
429 1249 576 1308 iuncturas
590 1247 811 1307 fibulamordet

120 1348 268 1423 egregium
281 1347 375 1405 forma
390 1347 526 1406 iuvenem
541 1355 571 1405 et
585 1347 760 1422 fulgentibus
775 1348 862 1406 armis

119 1444 289 1520 transadigit
303 1453 398 1503 costas
413 1445 547 1520 fulvaque
563 1445 686 1503 effundit
700 1445 817 1503 harena.

119 1546 158 1602 At
172 1544 280 1615 fratres,
296 1543 429 1601 animosa
442 1543 569 1618 phalanx
583 1561 767 1618 accensaque
780 1543 870 1613 luctu,

119 1661 194 1718 pars,
209 1641 322 1721 gladios
338 1642 480 1716 stringunt
495 1642 639 1713 manibus,
654 1660 721 1717 pars
735 1641 843 1700 missile
857 1641 964 1699 ferrum

120 1741 278 1816 corripiunt
292 1739 432 1813 caecique
447 1750 541 1798 ruunt.
586 1740 669 1814 Quos
683 1740 800 1814 agmina
813 1750 916 1797 contra

119 1847 291 1913 procurrunt
307 1838 493 1908 Laurentum,
509 1836 577 1895 hinc
592 1836 677 1895 densi
691 1855 788 1895 rursus
801 1835 944 1894 inundant

118 1937 211 1994 Troes
226 1935 409 2010 Agyllinique
425 1944 455 1992 et
469 1933 555 2008 pictis
570 1935 700 1992 Arcades
715 1935 819 1993 armis:
901 1966 907 1978 ·

119 2034 161 2091 sic
176 2033 271 2091 omnis
285 2050 367 2090 amor
380 2050 455 2089 unus
470 2031 557 2090 habet
572 2032 732 2090 decernere
746 2033 829 2090 ferro.

120 2131 272 2206 Diripuere
287 2148 359 2201 araS,
374 2129 396 2187 it
410 2139 473 2187 toto
488 2129 603 2188 turbida
618 2131 701 2189 caelo

118 2237 277 2303 tempestas
292 2227 415 2284 telorum
430 2245 465 2284 ac
481 2228 589 2286 ferreus
603 2228 709 2304 ingruit
724 2229 824 2298 imber,

119 2336 302 2400 craterasque
316 2325 457 2399 focosque
472 2326 576 2383 ferunt.
620 2326 706 2401 Fugit
720 2326 782 2401 ipse
798 2326 917 2383 Latinus

118 2425 246 2500 pulsatos
260 2423 388 2481 referens
402 2423 511 2481 infecto
526 2422 645 2481 foedere
661 2424 753 2481 divos

119 2523 268 2581 Infrenant
282 2521 329 2578 alii
344 2539 442 2578 currus
457 2530 505 2578 aut
520 2539 645 2596 corpora
659 2521 733 2578 saltu

117 2620 264 2679 subiciunt
279 2619 308 2676 in
324 2637 416 2693 equos
431 2628 461 2676 et
475 2619 579 2676 strictis
594 2619 712 2677 ensibus
727 2618 841 2676 adsunt.

118 2720 273 2792 Messapus
288 2735 387 2792 regem
401 2715 535 2791 regisque
549 2716 661 2791 insigne
678 2726 837 2792 gerentem,

116 2815 299 2891 Tyrrhenum
315 2814 462 2885 Aulesten,
477 2814 578 2872 avidus
593 2813 774 2872 confundere
788 2812 902 2885 foedus,

118 2912 241 2971 adverso
256 2920 397 2986 proterret
412 2929 507 2985 equo:
531 2912 587 2969 ruit
601 2912 647 2969 ille
662 2910 805 2969 recedens

118 3021 147 3069 et
161 3010 247 3068 miser
261 3009 402 3085 oppositis
417 3027 435 3066 a
448 3018 530 3083 tergo
544 3009 699 3067 involvitur
712 3010 767 3066 aris

116 3110 146 3166 in
161 3118 251 3183 caput
265 3108 353 3182 inque
368 3125 494 3164 umeros.
537 3110 574 3165 At
591 3107 717 3165 fervidus
732 3106 849 3166 advolat
864 3108 947 3165 hasta

118 3207 272 3280 Messapus
288 3205 405 3280 teloque
421 3214 553 3263 orantem
568 3205 659 3262 multa
672 3206 774 3264 trabali
850 3281 853 3286 .

117 3305 245 3380 desuper
257 3303 331 3360 altus
346 3321 424 3378 equo
436 3303 559 3378 graviter
572 3303 639 3361 ferit
652 3314 740 3379 atque
755 3304 796 3360 ita
809 3303 899 3361 fatur:

118 3403 206 3460 ‘Hoc
220 3400 317 3472 habet,
332 3400 406 3458 haec
422 3401 523 3460 melior
536 3402 649 3477 magnis
663 3400 734 3460 data
747 3402 865 3459 victima
879 3400 971 3459 divis!

117 3501 303 3560 Concurrunt
318 3499 383 3556 Itali
397 3499 580 3576 spoliantque
596 3500 722 3558 calentia
736 3499 876 3557 membra.

117 3598 228 3658 Obvius
243 3597 408 3656 ambustum
423 3606 530 3654 torrem
546 3598 716 3673 Corynaeus
730 3597 768 3655 ab
782 3615 831 3654 ara

116 3697 234 3772 corripit
248 3706 278 3754 ct
291 3694 419 3754 venienti
436 3696 535 3753 Ebuso
549 3696 725 3771 plagamque
739 3695 842 3752 ferenti

116 3804 244 3869 occupat
258 3813 292 3852 os
308 3793 448 3851 flammis:
472 3793 520 3850 olli
535 3794 640 3872 ingens
651 3794 743 3852 barba
756 3793 859 3851 reluxit
