2742 4284
172 277 303 338 X11.472.]
425 265 557 328 AEneas
579 266 727 329 Returns
749 279 782 330 to
805 268 858 330 tlte
879 269 982 334 Field.
1166 286 1224 350 143
1311 314 1314 320 ι

172 454 212 510 sis
227 471 349 524 memor,
364 463 394 510 et
407 460 436 510 te
452 451 551 510 animo
564 462 749 528 repetentem
763 456 899 531 exempla
910 465 1028 515 tuorum
1061 511 1065 517 .

172 560 202 608 et
215 560 298 626 pater
311 553 427 608 Aeneas
442 559 472 608 et
485 551 645 610 avunculus
659 552 767 610 excitet
782 553 918 611 Hector.’
1183 565 1228 609 ⁴40

213 649 300 706 Haec
315 648 365 708 ubi
379 647 459 706 dicta
473 647 565 721 dedit,
580 649 670 724 portis
684 667 750 708 sese
764 651 865 709 extulit
878 652 990 727 ingens,

171 747 262 806 telum
277 747 405 806 immane
421 765 509 806 mauu
523 747 656 824 quatiens
668 766 675 816 3
699 747 785 807 simul
798 749 914 824 agmine
929 748 1023 808 denso

171 843 361 920 Antheusque
378 845 610 920 Mnestheusque
625 856 712 904 ruunt
725 846 880 921 omnisque
894 846 1000 905 relictis

171 943 255 1001 turba
269 942 330 1000 fluit
345 943 463 1001 castris:
486 953 548 1001 tum
563 961 655 1003 caeco
669 945 788 1020 pulvere
802 963 925 1020 campus

172 1041 310 1098 miscetur
323 1041 466 1116 pulsuque
480 1040 590 1117 pedum
606 1042 703 1099 tremit
716 1043 812 1101 excita
826 1042 919 1101 tellus.

171 1136 252 1196 Vidit
265 1138 303 1196 ab
317 1136 440 1196 adverso
455 1138 597 1198 venientis
611 1156 718 1215 aggere
732 1141 857 1211 Turnus,

171 1236 270 1294 videre
285 1236 415 1308 Ausonii,
429 1235 602 1312 gelidusque
616 1253 670 1311 per
682 1237 742 1295 ima
756 1239 881 1296 cucurrit

171 1353 238 1393 ossa
251 1343 377 1392 tremor:
401 1334 494 1409 prima
508 1343 575 1392 ante
590 1335 686 1392 omnis
702 1337 823 1393 Iuturna
836 1337 956 1394 Latinos

171 1431 263 1490 audiit
277 1431 474 1508 adgnovitque
489 1449 596 1490 sonum
610 1441 640 1489 et
653 1433 824 1491 tremefacta
836 1435 948 1509 refugit.

172 1531 224 1589 Ille
238 1531 316 1588 volat
330 1547 495 1606 campoque
509 1540 604 1588 atrurn
617 1531 697 1606 rapit
706 1549 811 1606 agmen
826 1542 936 1606 aperto.

171 1626 273 1703 Qualis
288 1627 339 1686 ubi
353 1627 392 1686 ad
406 1637 495 1686 terras
509 1627 633 1704 abrupto
648 1628 743 1686 sidere
758 1628 874 1688 nimbus

170 1726 192 1784 it
206 1745 285 1784 mare
300 1743 354 1802 per
366 1725 518 1800 medium3
540 1726 652 1785 miseris
666 1726 724 1785 heu
739 1727 871 1802 praescia
884 1728 972 1804 longe

170 1824 342 1884 horrescunt
356 1823 447 1883 corda
460 1825 602 1900 agricolis,
618 1823 700 1883 dabit
713 1824 760 1883 ille
775 1825 872 1883 ruinas

171 1923 321 1982 arboribus
336 1932 521 1998 stragemque
536 1922 614 1994 satis,
628 1933 693 1980 ruet
707 1923 807 1981 omnia
820 1923 896 1995 late;

169 2030 237 2079 ante
253 2021 351 2078 volant
365 2020 553 2094 sonitumque
568 2020 663 2078 ferunt
678 2019 717 2078 ad
730 2021 814 2078 litora
827 2022 925 2082 venti:

170 2118 234 2176 talis
248 2118 278 2175 in
293 2117 429 2176 adversos
444 2115 550 2176 ductor
563 2117 726 2176 Rhoeteius
741 2118 832 2177 hostis

171 2235 277 2292 agmen
291 2216 358 2292 agit,
374 2214 457 2274 densi
472 2215 574 2273 cuneis
588 2234 620 2274 se
635 2216 759 2291 quisque
774 2217 885 2275 coactis

170 2313 381 2390 adglomerant.
425 2313 503 2372 Ferit
516 2331 587 2372 ense
602 2331 720 2390 gravem
733 2313 935 2391 Thymbraeus
950 2315 1067 2389 Osirim,

171 2411 340 2470 Archetium
357 2410 541 2482 Mnestheus
557 2411 725 2488 Epulonem
738 2411 894 2471 obtruncat
907 2412 1035 2472 Achates

170 2510 370 2584 Ufentemque
385 2510 483 2586 Gyas;
506 2508 586 2566 cadit
600 2509 662 2585 ipse
676 2508 850 2568 Tolumnius
865 2529 964 2586 augur,

170 2608 280 2692 primus
295 2607 324 2664 in
339 2605 477 2665 adversos
492 2605 582 2664 telum
598 2604 649 2681 qui
662 2614 785 2665 torserat
798 2607 898 2666 hostis.

170 2705 293 2764 Tollitur
306 2706 335 2763 in
350 2704 464 2764 caelum
479 2705 598 2777 clamor,
612 2703 747 2780 versique
761 2706 888 2764 vicissim

170 2803 372 2879 pulverulenta
386 2803 454 2878 fuga
468 2801 569 2860 Rutuli
583 2800 656 2860 dant
669 2812 752 2880 terga
764 2821 818 2879 per
831 2822 925 2880 agros.

172 2903 240 2977 Ipse
254 2919 351 2976 neque
367 2918 483 2958 aversos
498 2899 635 2976 dignatur
648 2911 777 2960 sternere
793 2903 883 2961 Morti

170 3018 227 3058 nec
242 2997 320 3075 pede
335 3015 507 3077 congressos
521 3016 617 3073 aequo
631 3016 689 3057 nec
702 3000 761 3057 tela
774 3000 892 3060 ferentis

171 3098 348 3173 insequitur:
372 3097 467 3155 solum
481 3095 574 3155 densa
587 3096 617 3154 in
633 3097 757 3173 caligine
770 3099 903 3158 Turnum

171 3197 293 3272 vestigat
306 3198 438 3268 lustrans,
453 3195 548 3255 solum
562 3195 592 3253 in
607 3195 766 3254 certamina
779 3197 885 3272 poscit.

172 3297 243 3355 Hoc
258 3314 402 3355 concussa
417 3305 497 3353 metu
510 3303 641 3352 mentem
656 3294 776 3352 Iuturna
789 3294 889 3370 virago

171 3394 300 3470 aurigam
315 3394 406 3453 Turni
421 3393 519 3452 media
532 3393 607 3452 inter
620 3393 681 3451 lora
696 3392 855 3450 Metiscum

171 3493 282 3552 excutit
296 3503 325 3552 et
338 3494 426 3569 longe
440 3493 553 3568 lapsum
567 3502 686 3551 temone
700 3491 852 3568 relinquit:

171 3591 235 3667 ipsa
249 3591 325 3650 subit
339 3591 532 3666 manibusque
547 3590 684 3649 undantis
699 3590 789 3648 flectit
802 3588 941 3661 habenas,

172 3697 280 3746 cuncta
294 3706 406 3764 gerens,
422 3705 585 3764 vocemque
601 3698 631 3746 et
645 3705 752 3762 corpus
767 3696 797 3744 et
811 3705 890 3744 arma
904 3687 1031 3746 Metisci.
1101 3675 1104 3678 ’

599 3816 632 3851 470
644 3815 749 3875 reliquit.
764 3815 794 3862 R.
