2742 4284
205 319 265 381 116
333 281 337 290 ¹
496 317 564 382 The
588 315 727 383 Council
745 320 873 383 Breales
901 320 956 402 Up.
1131 333 1256 395 [mm.

200 503 269 561 flent
284 505 388 562 maesti
401 514 591 580 mussantque
605 515 710 581 patres.
754 507 815 563 Hie
829 506 959 581 undique
974 507 1085 564 clamor

201 600 333 660 dissensu
348 602 427 660 vario
442 621 564 678 magnus
578 621 609 660 se
624 603 699 661 tollit
713 605 742 661 in
757 623 840 662 auras
1208 615 1256 660 455

200 698 278 756 haud
293 717 377 758 secus
392 711 479 775 atque
493 700 552 758 alto
566 701 595 758 in
610 702 677 760 luco
692 719 760 760 curn
775 702 849 759 sorte
862 712 996 759 catervae

200 797 361 856 consedere
376 799 471 856 avium
486 799 639 873 piscosove
655 818 744 856 amne
760 799 891 857 Padusae

199 895 271 953 dant
285 896 411 955 sonitum
426 895 506 953 rauci
520 914 573 972 per
586 907 688 972 stagna
701 897 837 972 loquacia
850 899 944 973 cycni.

200 999 206 1023 ‘
221 995 337 1065 Immo‚'
352 995 400 1065 ait,
417 994 463 1053 ‘O
477 994 573 1052 cives'
589 993 713 1071 adrepto
726 1005 868 1070 tempore,
883 996 1035 1066 ‘Tumus,'

199 1092 313 1166 ‘cogite
329 1091 485 1149 concilium
501 1103 530 1149 et
544 1110 647 1166 pacem
663 1093 778 1151 laudate
794 1092 949 1150 sedentes:

199 1189 237 1246 illi
252 1189 337 1246 armis
352 1189 383 1246 in
397 1207 487 1264 regna
500 1191 605 1248 ruunt.'
649 1191 714 1247 Nec
730 1191 811 1266 plura
824 1191 939 1247 locutus

199 1287 337 1362 corripuit
351 1303 415 1344 sese
430 1296 459 1344 et
474 1287 558 1345 tectis
573 1287 648 1345 citus
662 1287 763 1345 extulit
776 1288 850 1345 altis.

199 1385 272 1456 ‘Tu‚
286 1384 406 1456 Voluse,
421 1384 524 1442 annari
537 1385 712 1442 Volscorum
726 1384 811 1442 edice
826 1384 978 1460 maniplos,

199 1482 278 1554 duc,'
294 1482 341 1554 ait,
359 1487 403 1540 ‘et
417 1482 551 1542 Rutulos.
595 1483 734 1558 Equitem
750 1484 903 1559 Messapus
917 1483 947 1540 in
963 1484 1050 1540 armis

198 1590 310 1638 etcum
325 1582 409 1638 fratre
425 1581 516 1640 Coras
531 1581 593 1638 latis
609 1579 764 1638 diffundite
779 1580 900 1655 campis.

199 1681 267 1736 Pars
282 1677 377 1736 aditus
392 1677 470 1736 urbis
485 1679 579 1736 firmet
593 1679 735 1754 turrisque
751 1688 894 1753 capessat,

199 1787 304 1847 cetera,
320 1795 378 1852 qua
392 1777 479 1847 iusso,
494 1795 612 1834 mecum
627 1794 731 1834 manus
745 1777 848 1834 inferat
861 1778 961 1835 arma’

199 1875 283 1932 Ilicet
298 1875 327 1931 in
341 1892 439 1932 muros
453 1884 514 1932 tota
528 1873 698 1932 discurritur
710 1875 791 1933 urbe.

199 1972 362 2031 Consilium
377 1972 439 2047 ipse
454 1983 537 2048 pater
551 1981 580 2030 et
595 1991 702 2048 magna
715 1973 834 2048 incepta
848 1973 968 2030 Latinus

198 2069 306 2128 deserit
320 2089 354 2128 ac
369 2070 440 2128 tristi
454 2070 583 2128 turbatus
599 2080 732 2146 tempore
747 2069 842 2127 differt

198 2167 347 2243 multaque
363 2185 394 2225 se
409 2167 530 2239 incusat,
546 2168 672 2243 quinon
687 2166 839 2243 adceperit
852 2168 927 2225 ultro

199 2265 381 2323 Dardanium
395 2268 517 2323 Aenean
532 2283 731 2341 generumque
745 2265 899 2323 adsciverit
912 2265 986 2324 urbi.

200 2361 388 2421 Praefodiunt
401 2364 449 2421 alii
463 2374 561 2439 portas
575 2374 625 2421 ant
639 2383 709 2421 saxa
723 2363 869 2438 sudesque

198 2463 378 2520 subvectant.
421 2463 503 2520 Bello
517 2462 567 2520 dat
582 2463 697 2538 signum
713 2481 800 2519 rauca
814 2472 968 2520 cruentum

198 2559 312 2618 bucina.
355 2561 432 2618 Tum
447 2579 545 2618 muros
561 2561 637 2617 varia
652 2560 770 2617 cinxere
786 2577 896 2617 corona

198 2668 348 2716 matronae
363 2657 523 2734 puerique:
546 2667 632 2715 vocat
646 2658 729 2715 labor
743 2658 859 2715 ultimus
874 2657 978 2715 omnis.

199 2757 264 2813 Nec
279 2774 338 2813 non
354 2755 392 2812 ad
406 2756 549 2830 templum
563 2773 750 2829 summasque
764 2754 803 2812 ad
819 2754 941 2812 Palladis
956 2772 1038 2814 arces

197 2853 367 2911 subvehitur
380 2871 487 2928 magna
501 2862 624 2911 matrum
639 2853 739 2928 regina
754 2863 869 2910 caterva

198 2949 278 3008 dona
291 2950 395 3021 serens,
412 2950 549 3025 iuxtaque
564 2968 664 3008 comes
681 2950 800 3008 Lavinia
814 2950 903 3024 virgo,

198 3067 287 3105 causa
301 3048 369 3105 nrali
384 3049 465 3119 tanti,
481 3048 582 3105 oculos
597 3048 713 3106 deiecta
728 3047 861 3106 decoros.

198 3145 366 3204 Succedunt
381 3157 486 3204 matres
501 3157 530 3203 et
545 3145 687 3220 templum
701 3155 764 3203 ture
778 3154 918 3221 vaporant

198 3255 227 3301 et
241 3254 365 3302 maestas
380 3244 438 3301 alto
453 3243 578 3301 fundunt
592 3243 630 3300 de
646 3244 745 3301 limine
759 3262 865 3303 voces:

199 3340 411 3416 ‘Armipotens
428 3360 544 3416 praeses
558 3341 635 3412 belli,
651 3341 784 3398 Tritonia
797 3341 886 3416 virg0,

197 3439 295 3513 frange
310 3458 397 3496 manu
413 3440 502 3497 telum
519 3439 633 3515 Phrygii
648 3438 804 3515 praedonis
819 3449 849 3496 et
862 3440 960 3514 ipsum

124 3543 126 3548 '
197 3555 322 3612 pronum
338 3547 432 3594 sterne
448 3537 510 3594 solo
524 3537 673 3612 portisque
689 3535 807 3594 effunde
821 3536 876 3594 sub
889 3537 973 3594 altis)

197 3633 330 3709 Cingitur
344 3635 406 3710 ipse
421 3635 518 3693 furens
533 3636 665 3692 certatim
680 3636 710 3692 in
726 3635 836 3710 proelia
849 3636 975 3692 Turnus.

198 3733 321 3807 Iamque
335 3732 412 3791 adeo
426 3732 542 3790 rutilum
556 3733 677 3790 thoraca
691 3732 810 3791 indutus
824 3733 904 3791 aenis

265 3860 390 3908 rurum,
405 3863 462 3908 Eds.
607 3861 640 3895 4⁷1
651 3866 772 3920 mmm,
789 3865 817 3908 R,
961 3860 994 3894 ⁴⁷²
1004 3830 1183 3907 adservatam
