2742 4284
171 303 190 350 1.
200 301 248 363 μ]
600 291 799 356 Invocation.

170 474 335 534 Chaoniam
349 474 450 552 pingui
464 475 602 552 glandem
616 479 738 536 mutavit
751 479 846 550 arista,

169 574 336 648 poculaque
350 572 475 632 inventis
491 575 632 632 Acheloia
648 575 762 633 miscuit
776 577 857 649 uvis,

169 682 199 729 et
212 690 273 743 vos,
291 681 437 748 agrestum
452 673 617 747 praesentia
632 673 761 744 numina,
778 674 880 745 Fauni,

168 769 240 827 ferte
255 770 340 828 simul
355 769 508 845 Faunique
523 770 633 846 pedem
649 769 841 846 Dryadesque
856 773 989 848 puellae:

169 885 290 926 munera
304 877 398 926 vestra
412 885 497 926 cano
542 869 647 944 Tuque
664 869 702 939 Ο,
718 869 766 927 cui
780 871 875 945 prima
889 871 1062 929 frementem

166 964 240 1022 ludit
255 984 364 1040 equom
379 985 485 1042 magno
500 966 584 1024 tellus
600 984 740 1042 percussa
753 966 880 1039 tridenti,

167 1063 306 1138 Neptune
318 1085 326 1136 ;
348 1074 378 1122 et
392 1065 487 1122 cultor
501 1083 665 1136 nemorum,
683 1065 731 1123 cui
745 1064 865 1140 pinguia
878 1066 957 1124 Ceae

166 1169 344 1219 tercentum
358 1162 434 1219 nivei
450 1162 576 1221 tondent
591 1161 712 1221 dumeta
728 1163 861 1234 iuvenci,

165 1257 228 1332 ipse
243 1277 347 1318 nemus
361 1259 495 1334 linquens
512 1261 637 1335 patrium
652 1262 800 1335 saltusque
818 1262 924 1336 Lycaei

165 1357 237 1428 Pan,
252 1359 350 1415 ovium
366 1369 472 1429 custos,
488 1369 539 1417 tua
552 1360 578 1416 si
592 1359 645 1418 tibi
661 1360 798 1416 Maenala
813 1376 909 1429 curae,

164 1455 251 1529 adsis,
268 1457 295 1516 O
310 1459 455 1532 Tegeaee,
471 1459 579 1529 favens,
595 1459 738 1533 oleaeque
755 1457 888 1515 Minerva

164 1555 315 1626 inventrix,
331 1556 458 1630 uncique
473 1574 546 1632 puer
559 1567 735 1614 monstrator
748 1557 841 1626 aratri,

164 1662 194 1709 et
209 1663 338 1711 teneram
353 1655 390 1712 ab
404 1653 503 1711 radice
518 1655 622 1726 ferens,
638 1655 761 1726 Silvane,
778 1673 967 1730 cupressum

164 1749 253 1825 dique
268 1751 401 1827 deaeque
416 1770 529 1824 omnes,
544 1752 673 1811 studium
688 1753 794 1828 quibus
808 1772 876 1811 arva
889 1754 972 1823 tueri,

164 1850 272 1924 quique
286 1868 376 1908 novas
392 1850 465 1908 alitis
479 1869 539 1908 non
554 1851 614 1909 ullo
628 1852 741 1909 semine
755 1852 859 1927 fruges,

163 1948 272 2022 quique
285 1949 353 2007 satis
369 1949 479 2024 largum
493 1950 577 2006 caelo
592 1948 743 2007 demittitis
757 1950 880 2008 imbrem
892 1970 900 2022 ;

161 2055 252 2119 tuque
267 2046 353 2118 adeo,
369 2065 457 2122 quem
473 2065 543 2104 mox
557 2065 632 2122 quae
647 2047 705 2105 sint
719 2047 852 2105 habitura
865 2047 989 2107 deorum

163 2144 287 2201 concilia
301 2145 444 2202 incertum
459 2154 513 2216 est,
529 2145 645 2202 urbisne
660 2145 792 2217 invisere,
809 2147 926 2218 Caesar,

164 2250 359 2316 terrarumque
374 2242 445 2300 velis
460 2261 569 2314 curam,
585 2252 614 2300 et
629 2253 657 2299 te
673 2242 919 2302 maxumus'orbis

162 2349 310 2397 auctorem
325 2340 439 2415 frugum
454 2351 720 2416 tempestatumque
737 2351 890 2416 potentem

161 2437 287 2512 accipiat
301 2438 421 2513 cingens
438 2448 568 2495 materna
582 2448 717 2514 tempora
730 2449 834 2515 myrto,

161 2553 199 2592 an
214 2532 286 2592 deus
301 2535 437 2593 immensi
451 2537 549 2594 venias
564 2536 649 2594 maris
664 2555 700 2594 ac
715 2538 885 2596 tua'nautae
968 2548 971 2552 '

160 2632 281 2689 numina
294 2632 356 2690 sola
370 2633 476 2704 colant,
492 2633 544 2691 tibi
559 2635 663 2693 serviat
677 2635 778 2692 ultima
792 2635 886 2693 Thule

159 2739 248 2805 teque
263 2729 317 2788 sibi
332 2748 472 2807 generum
486 2733 596 2808 Tethys
611 2743 690 2790 emat
704 2733 840 2791 omnibus
855 2733 950 2807 undis,

159 2845 236 2886 anne
251 2847 360 2886 novum
374 2827 463 2887 tardis
477 2829 558 2888 sidus
572 2840 601 2888 te
617 2831 766 2888 mensibus
779 2830 881 2903 addas,

159 2945 217 3002 qua
230 2927 313 2985 locus
329 2927 478 3002 Erigonen
492 2929 566 2986 inter
580 2929 745 3004 Chelasque
762 2931 909 3004 sequentis

158 3023 313 3100 panditur,
337 3026 400 3100 ipse
415 3026 467 3083 tibi
481 3027 541 3084 iam
556 3026 693 3084 bracchia
708 3026 852 3084 contrahit
867 3027 973 3086 ardens

158 3123 295 3197 Scorpius
310 3133 339 3180 et
354 3123 427 3180 caeli
441 3123 517 3180 iusta
531 3124 595 3198 plus
611 3134 692 3199 parte
708 3124 852 3199 relinquit,
861 3159 902 3167 —

159 3218 304 3296 quidquid
317 3221 381 3291 eris,
397 3239 466 3278 nam
481 3231 510 3278 te
525 3239 582 3279 nec
596 3232 714 3296 sperant
728 3223 849 3280 Tartara
862 3241 962 3298 regem

158 3335 214 3375 nec
229 3318 281 3376 tibi
294 3318 437 3394 regnandi
451 3319 549 3377 veniat
564 3329 625 3376 tam
641 3319 705 3377 dira
718 3320 837 3395 cupido,

158 3416 289 3489 quamvis
305 3416 419 3492 Elysios
434 3418 553 3474 miretur
568 3418 693 3476 Graecia
707 3437 828 3494 campos

157 3531 214 3570 nec
228 3514 352 3589 repetita
366 3515 448 3590 sequi
465 3525 545 3572 curet
561 3517 735 3591 Proserpina
749 3526 880 3589 matrem,

158 3609 198 3668 da
211 3611 327 3670 facilem
342 3631 460 3671 cursum
474 3624 560 3689 atque
576 3612 736 3673 audacibus
751 3613 848 3673 adnue
864 3616 986 3691 coeptis,

157 3709 332 3786 ignarosque
347 3712 411 3769 viae
426 3731 543 3770 mecum
560 3713 710 3771 miseratus
724 3714 843 3788 agrestis

158 3807 308 3884 ingredere
324 3820 354 3868 et
366 3809 441 3868 'votis
457 3811 514 3868 iam
529 3830 608 3868 nnnc
623 3810 765 3870 adsuesce
780 3812 884 3869 vocari.
