2742 4284
173 327 184 370 r
191 324 232 388 30
337 305 368 366 T
364 326 466 367 arnus
488 303 641 368 Consents
664 315 739 367 toa
765 304 883 387 Single
905 303 1045 369 Combat.
1099 318 1222 380 [AEuam.

187 653 302 712 BOOK
326 653 588 710 XII.-Vrcuonr
609 667 647 708 or
667 652 782 710 AEuaas
802 667 864 708 aun
886 651 995 708 Duanr
1016 667 1054 708 or
1074 652 1207 709 Turium.

217 834 327 898 'litterius
346 833 418 882 offers
436 840 461 880 to
479 833 566 881 decide
591 832 631 880 the
655 848 706 880 war
729 833 761 894 by
784 848 799 880 a
822 832 901 894 single
925 833 1024 880 combat
1047 833 1106 881 with
1129 833 1222 881 AEneas

172 917 223 980 (vv.
239 917 341 981 1-106).
376 917 469 964 AEneas
481 923 589 980 accepts,
602 915 679 963 anda
698 915 808 978 treatyis
825 915 899 963 made
914 914 966 979 (vv.
985 915 1120 981 roy-215).
1156 916 1222 979 Juno

170 1017 256 1050 causes
267 1001 380 1064 Juturna,
393 1000 435 1047 the
448 999 518 1047 sister
530 997 560 1046 os
567 999 674 1056 Turnus,
688 1007 712 1046 to
724 998 803 1046 break
816 999 857 1046 the
870 1004 949 1061 treaty
961 997 1012 1062 (vv.
1026 998 1163 1062 216-243),
1172 999 1222 1046 and

170 1085 230 1132 both
248 1083 339 1148 parties
356 1082 414 1131 rush
432 1089 457 1129 to
475 1097 540 1130 arms
556 1079 607 1144 (vr.
626 1080 764 1144 244-310).
798 1082 893 1129 AEneas
910 1081 931 1129 is
948 1081 1074 1129 wounded
1088 1079 1140 1144 (vv.
1158 1094 1223 1144 311-

170 1166 241 1230 323).
277 1166 374 1228 During
397 1165 435 1213 his
458 1165 566 1212 absence
588 1164 688 1212 Turnus
711 1165 798 1212 makes
818 1172 888 1226 great
911 1164 991 1213 havoc
1012 1163 1064 1230 (vv.
1083 1163 1222 1226 324-382).

169 1250 255 1297 Venus
267 1264 337 1296 cures
349 1249 442 1296 AEneas
457 1247 508 1311 (vv.
522 1246 659 1310 383-429),
671 1247 729 1294 who
742 1246 887 1309 challenges
903 1247 1003 1296 Turnus
1019 1245 1071 1313 (vv.
1082 1245 1222 1312 430-445‘).

169 1333 267 1380 Turnus
276 1331 361 1379 avoids
368 1330 428 1390 him,
441 1330 582 1378 conducted
595 1329 620 1377 in
632 1329 705 1376 other
717 1329 852 1378 directions
864 1330 896 1393 by
907 1330 1012 1394 Juturna
1023 1329 1075 1393 (vv.
1083 1328 1223 1394 446-485),

170 1415 221 1463 and
232 1415 327 1462 AEneas
339 1414 411 1478 plaus
423 1420 448 1460 to
461 1420 537 1461 storrn
549 1412 590 1460 the
603 1412 659 1475 city,
669 1412 720 1460 and
737 1411 862 1459 advances
879 1412 918 1460 his
935 1428 1004 1475 army
1019 1411 1071 1475 (vv.
1084 1410 1222 1477 554-592).

169 1499 261 1545 Amata
276 1497 357 1559 hangs
374 1495 470 1543 herself
488 1494 539 1558 (vv.
553 1493 691 1560 593-613).
725 1495 823 1543 Turnus
838 1495 982 1556 challenges
1000 1494 1107 1553 AEueas;
1126 1492 1147 1542 is
1158 1491 1222 1542 slain

170 1580 221 1628 and
232 1578 360 1644 despoiled
376 1578 427 1642 (vv.
439 1577 536 1642 ⁶¹4-95
555 1576 577 1640 ).

258 1767 398 1826 URNUS
411 1775 443 1823 ut
458 1764 595 1822 infractos
609 1763 732 1821 adverso
748 1765 843 1822 Marte
861 1765 980 1822 Latinos

278 1863 420 1922 defecisse
436 1861 523 1932 videt,
539 1881 592 1919 sua
606 1880 685 1919 nunc
699 1862 843 1937 promissa
856 1863 980 1937 reposci,

171 1981 201 2019 se
217 1962 321 2036 signari
336 1961 437 2032 oculis,
453 1960 527 2017 ultro
543 1958 731 2034 implacabilis
746 1959 829 2017 ardet
964 2032 966 2037 Ι

171 2059 333 2134 attollitque
349 2059 471 2117 animos¹
516 2058 683 2114 Poenomm
699 2058 792 2132 qualis
808 2059 837 2115 in
852 2058 924 2115 arvis

172 2157 287 2214 saucius
302 2157 348 2214 ille
363 2157 440 2232 gravi
456 2164 613 2212 venantum
630 2155 747 2212 vulnere
762 2165 865 2230 pectus

172 2264 234 2312 turn
249 2252 368 2312 demum
384 2264 482 2310 movet
498 2271 578 2309 arma
591 2253 639 2309 leo
653 2252 820 2328 gaudetque
837 2252 981 2311 comantis

173 2353 322 2410 excutiens
337 2353 449 2409 cervice
466 2361 545 2409 toros
560 2351 708 2424 fixumque
722 2351 839 2408 latronis

171 2449 325 2526 inpavidus
340 2450 444 2525 frangit
459 2450 548 2506 telum
564 2459 595 2506 et
609 2449 704 2505 fremit
718 2467 769 2504 ore
785 2457 924 2506 emento:

172 2547 252 2606 haud
266 2567 350 2606 secus
365 2547 497 2605 adcenso
512 2547 606 2622 gliscit
620 2546 757 2603 violentia
770 2547 881 2603 Turno

171 2647 248 2704 Tum
264 2647 306 2703 sic
321 2644 435 2703 adfatur
448 2664 548 2720 regern
563 2655 650 2720 atque
665 2645 706 2701 ita
719 2642 850 2702 turbidus
865 2643 946 2700 infit:

172 2744 280 2801 ‘Nulla
294 2762 376 2800 mora
390 2744 419 2800 in
433 2745 533 2800 Turno
546 2764 552 2811 ;
575 2741 645 2799 nihil
660 2751 704 2799 est
718 2740 799 2816 quod
814 2739 893 2798 dicta
907 2748 1064 2798 retractent

173 2842 268 2917 ignavi
284 2840 450 2912 Aeneadae,
466 2859 522 2897 nec
538 2859 612 2915 quae
628 2840 766 2914 pepigere
781 2848 924 2896 recusent.

174 2937 365 3014 Congredior,
381 2938 424 2996 ser
437 2957 527 3009 sacra,
543 2947 633 3013 pater,
649 2947 677 2994 et
693 2938 818 3012 concipe
833 2936 945 2994 foedus

174 3040 233 3094 Aut
247 3036 302 3093 hac
318 3035 500 3094 Dardanium
515 3035 617 3094 dextra
631 3037 685 3093 sub
700 3036 819 3091 'l‘artara
833 3035 954 3105 mittam,

174 3134 355 3192 desertorem
370 3134 456 3192 Asiae
477 3133 614 3210 (sedeant
629 3142 822 3207 spectentque
839 3130 961 3207 Latini),

74 3250 78 3257 ·
174 3242 203 3289 et
218 3233 295 3290 solus
310 3232 384 3290 ferro
400 3232 510 3290 crimen
526 3249 683 3288 commune
698 3230 836 3300 refellam,

174 3339 224 3387 aut
238 3329 344 3388 habeat
358 3330 459 3401 victos,
475 3328 561 3387 cedat
576 3329 696 3386 Lavinia
711 3329 857 3384 coniunx!

216 3427 272 3486 Olli
287 3426 390 3485 sedato
407 3427 557 3503 respondit
572 3426 661 3484 corde
680 3426 816 3483 Latinus:

163 3521 182 3555 '‘
193 3526 221 3584 Ο
236 3535 384 3601 praestans
398 3525 488 3582 animi
503 3525 622 3595 iuvenis,
638 3533 781 3599 quantum
795 3524 858 3598 ipse
873 3523 961 3580 feroci

174 3624 277 3681 virtute
292 3641 457 3698 exsuperas,
472 3633 554 3680 tanto
569 3641 617 3680 me
633 3621 792 3697 impensius
806 3639 933 3695 aequum
948 3628 992 3677 est
1196 3627 1226 3658 ²⁰

175 3722 326 3779 consulere
341 3730 430 3796 atque
445 3720 542 3778 omnis
557 3728 737 3778 metuentem
753 3717 921 3794 expendere
936 3735 1029 3775 casus.

174 3819 247 3877 Sunt
261 3818 312 3876 tibi
326 3836 416 3893 regna
430 3818 517 3893 patris
534 3818 640 3888 Dauni,
656 3826 724 3875 sunt
739 3815 850 3892 oppida
864 3825 952 3891 capta
