2742 4284
154 286 250 347 1·177·l
492 271 584 334 Tools
605 273 646 353 os
662 271 875 352 Husbana'ry.

155 469 218 517 tum
233 458 327 517 variae
342 476 449 517 venere
463 466 547 516 artes.
592 457 688 515 Labor
703 458 802 515 omnia
816 456 884 514 vicit

155 557 307 632 improbus
322 566 352 614 et
366 555 446 613 duris
460 573 566 631 urgens
581 556 611 612 in
625 555 713 612 rebus
728 564 851 630 egestas,

157 655 254 712 Prima
269 654 359 712 Ceres
374 653 449 711 ferro
464 652 592 711 mortalis
606 662 718 710 vertere
733 662 838 710 terram

156 751 287 821 instituit,
303 768 371 807 curn
387 750 444 808 iam
458 749 580 825 glandes
595 759 682 824 atque
697 749 800 807 arbuta
813 766 913 806 sacrae

156 848 319 906 deficerent
332 849 421 906 silvae
436 857 466 905 et
479 848 589 905 rictum
604 846 736 905 Dodona
749 856 877 922 negaret.

157 948 232 1004 Mox
246 956 276 1003 et
290 947 440 1004 frumentis
455 945 538 1004 labor
551 943 678 1017 additus,
694 954 726 1002 ut
740 943 817 1002 mala
831 945 944 1001 culmos

157 1053 233 1101 esset
247 1043 359 1119 robigo,
374 1043 529 1119 segnisque
544 1042 674 1101 horreret
688 1042 718 1099 in
732 1042 805 1098 arvis

157 1140 301 1199 carduus:
323 1141 470 1200 intereunt
484 1149 607 1217 segetes,
623 1140 700 1198 subit
714 1157 817 1215 aspera
830 1139 909 1211 silva,

156 1239 320 1314 lappaeque
335 1238 498 1314 tribulique,
513 1239 646 1314 interque
661 1237 784 1295 nitentia
798 1237 875 1294 culta

156 1336 255 1394 infelix
269 1337 370 1394 lohum
384 1346 414 1393 et
428 1336 538 1394 steriles
554 1335 743 1394 dominantur
756 1352 877 1392 avenae.

157 1433 247 1508 Quod
262 1433 316 1492 nisi
333 1443 362 1491 et
376 1431 507 1492 adsiduis
523 1432 642 1491 herbam
657 1432 839 1491 insectabere
852 1432 958 1503 rastris,

157 1542 185 1589 et
200 1531 297 1590 sonitu
311 1532 431 1590 terrebis
446 1549 523 1602 aveS,
539 1541 568 1588 et
582 1531 654 1588 ruris
668 1531 755 1606 opaci

156 1633 228 1690 sal'ce
243 1650 360 1708 premes
376 1632 504 1703 umbras,
519 1632 652 1707 votisque
667 1631 817 1689 vocaveris
832 1629 964 1700 imbrem,

156 1729 213 1789 heu
229 1748 368 1806 magnum
383 1730 498 1788 alterius
513 1730 615 1788 fmstra
629 1728 776 1804 spectabis
791 1746 936 1799 acervum,

156 1846 358 1903 concussaque
375 1828 482 1885 samem
497 1827 527 1885 in
543 1827 619 1885 silvis
634 1827 765 1886 solabere
779 1844 898 1902 quercu.

198 1923 366 1984 Dicendum
382 1935 420 1995 et,
436 1943 511 2000 quae
526 1925 583 1983 sint
598 1922 676 1982 duris
691 1925 852 2000 agrestibus
866 1941 948 1981 arma

156 2023 219 2098 quis
234 2023 297 2081 sine
312 2041 368 2082 nec
383 2032 505 2098 potuere
523 2023 577 2080 seri
592 2041 648 2080 nec
664 2040 780 2098 surgere
794 2039 923 2079 messes:

156 2122 248 2180 vomis
264 2132 293 2178 et
307 2121 405 2180 inflexi
420 2121 546 2196 primum
561 2138 647 2196 grave
662 2121 751 2178 robur
764 2117 848 2177 aratri

155 2218 296 2294 tardaque
313 2219 467 2276 Eleusinae
483 2218 580 2276 matris
595 2217 741 2276 volventia
755 2218 880 2293 plaustra

155 2316 317 2391 tribulaque
332 2315 509 2391 traheaeque
524 2326 554 2373 et
569 2316 670 2390 iniquo
684 2315 818 2391 pondere
833 2316 932 2388 rastri3

156 2415 253 2490 virgea
267 2424 417 2490 praeterea
432 2415 515 2474 Celei
530 2414 651 2488 vilisque
667 2415 805 2489 supellex,

156 2514 292 2571 arbuteae
308 2522 402 2572 crates
417 2523 446 2571 et
461 2513 585 2588 mystica
598 2530 712 2570 vannus
728 2512 838 2570 Iacchi.

157 2612 265 2671 Omnia
278 2630 355 2686 quae
370 2612 462 2670 multo
475 2621 543 2669 ante
559 2629 674 2668 mernor
689 2611 803 2686 provisa
816 2627 950 2685 repones,

156 2708 179 2767 si
194 2720 222 2767 te
238 2708 327 2784 digna
341 2719 440 2767 manet
454 2709 545 2767 divini
559 2709 649 2784 gloria
663 2708 744 2765 ruris.

156 2807 306 2866 Continuo
321 2807 350 2864 in
365 2807 441 2866 silvis
456 2825 563 2882 magna
576 2805 605 2864 vi
619 2806 694 2864 flexa
708 2804 844 2864 domatur

156 2905 186 2961 in
200 2905 294 2963 burim
310 2914 339 2962 et
354 2905 434 2962 curvi
448 2905 573 2962 formam
587 2903 697 2979 accipit
710 2903 806 2962 ulmus
820 2903 913 2962 aratri.

158 3001 238 3059 Huic
253 3021 272 3058 a
285 3002 373 3077 stirpe
387 3001 480 3078 pedes
495 3011 575 3060 temo
591 3011 742 3077 protentus
757 3002 787 3059 in
801 3011 881 3074 octO,

156 3100 241 3158 binae
256 3118 349 3172 aures,
364 3099 477 3174 duplici
491 3109 626 3176 aptantur
641 3100 768 3157 dentalia
782 3099 879 3171 dorso,

156 3197 288 3256 caeditur
302 3207 332 3255 et
346 3197 405 3255 tilia
419 3207 487 3255 ante
502 3198 570 3272 iugo
585 3198 656 3254 levis
671 3197 786 3272 altaque
801 3197 891 3272 fagus,

156 3295 296 3371 stivaque,
312 3314 388 3370 quae
404 3297 536 3354 currusa
549 3306 631 3370 tergo
646 3304 782 3369 torqueat
796 3295 880 3365 imos,
934 3293 937 3299 ’

157 3404 186 3450 et
200 3411 342 3468 suspensa
355 3394 428 3451 focis
444 3394 574 3469 explorat
588 3393 694 3450 robora
707 3393 813 3450 fumus.

198 3493 320 3550 Possum
335 3492 427 3550 multa·
438 3492 490 3550 tibi
506 3502 634 3550 veterum
650 3501 809 3567 praecepta
823 3492 938 3563 referre,

156 3589 187 3646 ui
199 3590 306 3664 refugis
320 3590 474 3664 tenuisque
490 3591 570 3667 piget
585 3607 765 3665 cognoscere
782 3609 873 3648 curas.

239 3727 272 3761 ²⁵⁸
281 3729 370 3774 tribou.
389 3730 418 3775 R.
577 3729 610 3764 171
621 3731 656 3776 ab.
675 3731 733 3776 Eds.
879 3727 911 3761 Π*
920 3730 995 3772 stivae
1005 3743 1071 3787 quae.
1090 3729 1146 3775 Eds.

538 3805 571 3839 17³
581 3805 592 3838 4
602 3805 753 3863 transposed.
771 3805 799 3849 R.
