2742 4284
157 307 277 374 11.123.]
372 299 510 364 Various
540 299 570 360 T
567 319 634 362 rees
657 300 693 362 in
726 299 864 362 Various
886 298 1010 362 Lands.
1154 299 1208 359 181

157 487 228 544 Non
243 483 350 543 eadem
364 485 514 544 arboribus
527 484 639 560 pendet
654 484 801 542 vindemia
814 485 928 556 nostris,

155 601 246 659 quarn
262 585 474 660 Methymnaeo
490 584 582 660 carpit
597 583 635 642 de
650 583 768 658 palmite
786 583 917 654 Lesbos,

155 691 224 740 sunt
237 682 362 740 Thasiae
377 682 458 752 vites,
475 692 541 738 sunt
556 690 585 738 et
602 679 782 738 Mareotides
797 681 889 751 albae,

153 779 311 855 pinguibus
326 781 381 838 hae
396 779 477 836 terris
493 779 612 851 habiles,
627 777 781 836 levioribus
795 778 868 848 illae,

154 885 185 935 et
197 894 286 953 passo
300 878 406 953 psithia
419 877 515 935 utilior
528 875 681 951 tenuisque
696 876 795 951 lageos

153 983 330 1050 temptatura
343 975 437 1051 pedes
452 975 521 1032 olim
536 974 726 1048 vincturaque
741 973 878 1049 linguam,

152 1091 316 1149 purpureae
331 1074 516 1149 predaeque,
532 1083 562 1131 et
577 1091 637 1148 quo
652 1081 680 1128 te
696 1072 824 1129 carmine
840 1071 947 1143 dicam,

153 1171 318 1230 Rhaetica?
360 1174 426 1230 Nec
442 1173 520 1230 cellis
535 1171 604 1229 ideo
620 1169 769 1228 contende
785 1170 923 1229 Falernis.

153 1269 226 1328 Sunt
241 1279 270 1328 et
284 1271 424 1328 Amineae
439 1271 521 1342 vites,
540 1269 703 1327 firmissima
716 1268 791 1340 vina,

153 1367 285 1426 Tmolius
300 1368 427 1443 adsurgit
442 1369 547 1443 quibus
563 1376 593 1424 et
609 1385 661 1424 rex
675 1366 737 1441 ipse
753 1366 926 1438 Phanaeus;

152 1465 316 1540 Argitisque
332 1466 427 1523 minor
434 1486 443 1538 ;
467 1465 514 1523 cui
529 1483 589 1523 non
605 1465 757 1522 certaverit
771 1464 829 1522 ulla

153 1572 203 1621 aut
217 1573 328 1621 tantum
343 1563 431 1620 fluere
446 1573 495 1620 aut
510 1561 634 1620 totidem
649 1562 753 1621 durare
767 1580 820 1637 per
833 1579 935 1619 annos.

154 1660 224 1718 Non
239 1679 295 1736 ego
310 1671 347 1733 te,
363 1660 408 1718 dis
423 1670 452 1718 et
466 1660 574 1718 mensis
589 1669 714 1736 accepta
726 1659 872 1730 secundis,

152 1759 322 1830 transierim,
338 1758 466 1829 Rhodia,
482 1768 512 1815 et
526 1757 653 1828 tumidis,
670 1756 813 1828 bumaste,
828 1757 961 1815 racemis.

54 1857 57 1863 '
152 1855 212 1915 Sed
226 1874 321 1932 neque
337 1875 424 1932 quam
439 1856 546 1914 multae
562 1856 686 1931 species,
703 1874 760 1912 nec
775 1856 897 1912 nomina
910 1872 986 1929 quae
1001 1854 1067 1924 sint,

152 1963 197 2012 est
210 1973 365 2014 numerus:
389 1973 485 2030 neque
500 1955 579 2012 enirn
595 1971 718 2011 numero
735 1951 948 2028 comprendere
963 1952 1067 2023 refert,

151 2070 240 2128 quem
255 2053 306 2128 qui
319 2053 392 2109 scire
407 2053 483 2123 velit,
499 2052 602 2128 Libyci
617 2052 685 2109 velit
700 2051 834 2125 aequoris
849 2050 929 2107 idem

152 2148 264 2208 discere
280 2169 368 2226 quam
384 2150 491 2207 multae
506 2150 635 2225 zephyro
651 2150 803 2207 turbentur
818 2166 932 2218 arenae,

149 2257 201 2305 aut
215 2248 264 2306 ubi
279 2248 398 2323 navigiis
414 2247 565 2305 violentior
579 2246 682 2305 incidit
700 2248 805 2317 Eurus,

150 2363 238 2404 nosse
252 2356 325 2421 quot
340 2347 415 2404 Ionii
431 2345 548 2404 veniant
562 2345 600 2403 ad
615 2345 699 2402 litora
715 2344 829 2402 fluctus.

192 2443 258 2501 Nec
272 2461 340 2501 vero
354 2453 446 2502 terrae
462 2444 534 2501 serre
549 2461 654 2500 omnes
670 2443 769 2500 omnia
784 2452 915 2518 possunt.

151 2541 331 2600 Fluminibus
347 2543 448 2600 salices
463 2542 625 2616 crassisque
642 2540 797 2616 paludibus
813 2541 872 2598 alni

149 2649 316 2710 nascuntur,
332 2640 441 2697 steriles
457 2639 568 2698 saxosis
583 2639 731 2696 montibus
748 2639 832 2711 omi,

149 2737 233 2795 litora
247 2737 375 2812 myrtetis
389 2737 565 2811 laetissima;
589 2735 717 2812 denique
735 2746 850 2812 apertos

148 2836 284 2893 Bacchus
299 2846 377 2892 amat
390 2836 488 2908 colles,
504 2836 671 2912 aquilonem
686 2842 718 2893 et
734 2835 839 2911 frigora
852 2835 919 2892 taxi.

149 2934 258 3008 Aspice
273 2943 303 2990 et
317 2934 453 2991 extremis
467 2933 613 2992 domitum
629 2933 787 2992 cultoribus
802 2933 904 2991 orbem

150 3032 286 3106 ansque
302 3030 407 3089 domos
422 3033 550 3097 Arabum
565 3032 719 3107 pictosque
734 3031 884 3090 Gelonos:

148 3127 257 3186 divisae
273 3129 421 3187 arboribus
437 3130 556 3204 patriae.
599 3130 666 3188 Sola
682 3129 768 3186 India
781 3129 895 3203 nigrum

148 3226 202 3283 sert
217 3227 353 3298 ebenum,
366 3227 433 3285 solis
448 3237 493 3285 est
508 3238 590 3284 turea
604 3228 682 3304 virga
698 3227 823 3285 Sabaeis.

149 3323 229 3398 Quid
245 3324 296 3381 tibi
311 3323 433 3382 odorato
449 3326 571 3382 referam
585 3324 722 3383 sudantia
736 3325 814 3398 ligno

147 3421 335 3496 balsamaque
351 3433 381 3479 et
395 3424 484 3481 bacas
499 3441 615 3499 semper
629 3420 791 3480 frondentis
806 3421 945 3480 acanthi?

148 3518 229 3594 Quid
244 3538 365 3577 nemora
379 3522 557 3596 Aethiopum
572 3521 653 3579 molli
667 3520 802 3577 canentia
817 3520 892 3592 lana,

146 3617 310 3694 velleraque
325 3629 357 3676 ut
371 3619 447 3678 foliis
464 3618 624 3694 depectant
638 3618 738 3677 tenuia
752 3619 855 3691 Seres3

147 3726 198 3774 aut
212 3736 285 3793 quos
301 3719 424 3776 Oceano
438 3717 557 3792 propior
570 3718 642 3792 gerit
658 3715 744 3775 India
757 3717 851 3788 lucos,

147 3816 269 3873 extremi
284 3817 364 3874 sinus
379 3816 464 3887 orbis,
481 3816 530 3874 ubi
546 3816 611 3874 aera
626 3816 742 3874 vincere
759 3835 907 3875 summurn
