2742 4284
148 223 212 322 206
395 253 597 317 Production
621 253 662 336 of
688 251 777 314 Wool
796 273 836 314 or
854 251 951 316 Mille.
1047 261 1207 326 [Gronorcs.

148 443 286 518 undaque
301 444 359 500 iem
375 451 456 517 tergo
472 441 590 498 ferratos
605 439 727 498 sustinet
742 440 829 510 orbis,

146 541 293 616 puppibus
309 541 355 598 illa
369 540 457 614 prius
475 538 579 613 patulis
594 555 675 596 nunc
690 536 806 612 hospita
820 538 972 612 plaustris3

146 657 271 713 aeraque
287 638 428 695 dissiliunt
444 636 539 712 vulgo,
554 645 708 709 vestesque
724 635 870 710 rigescunt

146 735 274 807 indutae,
290 735 476 809 caeduntque
493 733 642 792 securibus
658 731 759 790 umida
772 735 847 804 vina,

145 845 174 893 et
185 844 264 892 totae
279 833 402 892 solidam
417 833 447 889 in
462 832 585 907 glaciem
599 840 710 888 vertere
726 832 857 903 lacunae,

144 934 279 1008 stiriaque
289 921 417 1006 'impexis
434 930 562 988 induruit
577 929 695 987 horrida
709 931 813 989 barbis.

146 1032 261 1088 Interea
272 1040 334 1087 toto
349 1047 409 1087 non
424 1029 512 1086 setius
530 1028 596 1086 aere
614 1028 744 1102 ninguit:

144 1130 287 1185 intereunt
302 1126 442 1202 pecudes,
459 1135 535 1183 stant
552 1125 727 1183 circumfusa
741 1127 850 1200 pruinis

143 1244 267 1300 corpora
282 1243 387 1300 magna
401 1225 502 1296 boum,
519 1224 710 1298 confertoque
726 1227 840 1300 agmine
856 1227 933 1284 cervi

143 1334 259 1398 torpent
275 1324 351 1381 mole
366 1342 442 1385 nova
456 1332 485 1379 et
501 1323 622 1380 summis
637 1323 685 1380 vix
699 1324 836 1381 cornibus
850 1334 972 1382 exstant.

145 1423 210 1480 Hos
225 1440 284 1479 non
299 1422 434 1479 immissis
449 1421 578 1492 canibus,
594 1439 653 1478 non
669 1422 798 1478 cassibus
813 1422 876 1479 ullis

142 1520 321 1594 puniceaeve
338 1520 448 1594 agitant
462 1519 584 1594 pavidos
599 1518 754 1576 formidine
769 1537 894 1594 pennae,

142 1617 195 1675 sed
209 1619 310 1676 frustra
324 1618 492 1692 oppositum
508 1617 649 1674 trudentis
664 1626 784 1692 pectore
801 1627 932 1675 montem

89 1781 92 1785 ,
142 1716 306 1774 comminus
321 1715 497 1772 obtruncant
511 1716 596 1786 ferro,
611 1715 792 1790 graviterque
810 1715 941 1772 rudentis

142 1813 278 1885 caedunt,
294 1823 323 1870 et
338 1831 445 1887 magno
461 1814 527 1870 laeti
543 1813 669 1870 clamore
684 1822 840 1886 reportant.

142 1912 203 1986 Ipsi
218 1912 247 1968 in
262 1910 383 1968 defossis
399 1911 546 1984 specubus
562 1929 664 1968 secura
679 1910 804 1968 subalta

141 2010 200 2066 otia
214 2018 304 2083 agunt
319 2017 401 2078 terra,
418 2017 619 2083 congestaque
634 2009 739 2082 robora
753 2017 886 2083 totasque

140 2106 293 2164 advolvere
310 2106 382 2163 focis
397 2106 490 2163 ulmos
507 2106 623 2181 ignique
639 2105 759 2163 dedere.

142 2205 202 2261 Hic
217 2213 338 2261 noctem
354 2202 423 2260 ludo
439 2203 560 2275 ducunt,
578 2213 606 2260 et
621 2205 728 2278 pocula
742 2204 808 2261 laeti

140 2303 283 2359 fermento
298 2312 385 2376 atque
401 2301 492 2359 acidis
507 2302 655 2358 imitantur
668 2302 745 2358 vitea
759 2295 860 2360 sorbis.

139 2399 218 2457 Talis
234 2400 428 2475 Hyperboreo
444 2400 564 2474 Septem
580 2399 713 2457 subiecta
727 2399 812 2456 trioni

139 2516 211 2573 gens
227 2497 334 2555 effrena
347 2498 439 2554 virum
455 2497 592 2571 Riphaeo
607 2496 738 2554 tunditur
753 2498 843 2569 Euro,

140 2605 169 2653 et
185 2595 333 2670 pecudum
348 2596 430 2652 fulvis
445 2595 555 2652 velatur
569 2613 694 2669 corpora
708 2595 802 2653 saetis.

180 2694 208 2751 Si
223 2695 274 2752 tibi
289 2694 418 2751 lanitium
434 2711 530 2765 curae,
545 2693 670 2768 primurn
685 2710 789 2767 aspera
802 2694 872 2750 silva

139 2792 302 2866 lappaeque
318 2791 471 2865 tribulique
487 2791 601 2863 absint;
624 2792 690 2866 fuge
706 2791 813 2866 pabula
827 2792 911 2850 laeta.

140 2889 349 2963 Continuoque
364 2906 466 2964 greges
481 2889 552 2946 villis
567 2889 630 2963 lege
646 2888 779 2946 mollibus
794 2889 883 2946 albos.
907 2954 911 2959 Δ

141 2987 224 3043 Illum
240 2996 347 3058 autern,
362 2987 493 3061 quamvis
508 2987 581 3043 aries
597 2987 632 3043 sit
648 2985 791 3043 candidus
805 2986 877 3060 ipse,

139 3083 218 3158 nigra
235 3085 334 3142 subest
349 3082 408 3141 udo
424 3094 535 3141 tanturn
551 3085 598 3141 cui
613 3084 711 3158 lingua
724 3084 831 3159 palat0,

138 3180 225 3249 reice,
241 3200 278 3238 ne
294 3181 414 3238 maculis
430 3181 553 3238 infuscet
568 3181 673 3238 vellera
687 3166 771 3255 pullis

139 3288 320 3348 nascentum,
336 3278 483 3353 plenoque
499 3279 585 3336 alium
601 3279 794 3353 circumspice
809 3298 924 3356 campo

111 3359 115 3368 ⁴
139 3379 263 3434 Munere
279 3376 320 3433 sic
335 3376 422 3433 niveo
437 3376 529 3447 lanae,
546 3377 569 3433 si
585 3376 704 3433 credere
721 3375 842 3451 dignum
858 3387 911 3449 est,

139 3475 200 3530 Pan
215 3473 287 3530 deus
303 3473 445 3530 Arcadiae
460 3484 576 3548 captam
592 3483 629 3545 te,
647 3474 738 3545 Luna,
754 3475 853 3532 fefellit

137 3571 167 3628 in
182 3588 303 3628 nemora
317 3570 375 3628 alta
388 3589 496 3629 vocans
508 3591 516 3643 3
538 3590 595 3628 nec
609 3582 640 3629 tu
655 3570 832 3646 adspernata
846 3584 1010 3634 vocantem.

177 3672 215 3726 At
229 3669 277 3726 cui
291 3670 372 3728 lactis
387 3688 477 3742 amor,
493 3669 619 3746 cytisum
634 3671 769 3746 lotosque
784 3671 942 3746 frequentis

137 3767 199 3842 ipse
214 3787 302 3824 manu
316 3769 462 3843 salsasque
477 3769 548 3826 ferat
562 3769 750 3843 praesepibus
765 3770 878 3828 herbas.
