2742 4284
167 332 227 377 ΧΗ.
240 328 300 390 678]
393 315 448 378 He
471 317 501 378 is
524 313 641 380 Called
659 326 691 377 to
713 313 851 377 Relieve
874 313 926 377 tlte
948 312 1027 395 city.
1163 331 1223 394 149

168 506 266 580 Terga
279 503 358 562 dabo
373 512 402 560 et
415 504 547 560 Turnum
563 501 723 576 fugientem
737 502 811 558 haec
825 511 901 558 terra
913 500 1044 558 videbit?
1179 498 1223 554 ⁶⁴5

168 602 272 676 Usque
287 599 402 658 adeone
419 600 492 658 mori
506 600 644 657 miserum
659 599 724 656 est?
763 599 825 655 Vos
840 599 868 657 Ο
883 597 954 656 mihi
969 599 1074 655 Manes

170 708 233 756 este
247 697 327 770 boni,
343 698 483 773 quoniam
498 696 609 772 superis
623 713 724 754 aversa
737 696 870 753 voluntas
884 700 889 752 !

169 797 277 854 Sancta
290 795 329 854 ad
343 813 395 854 vos
410 795 508 852 anima
523 804 610 868 atque
625 793 706 852 istius
719 793 821 851 nescia
835 794 939 867 culpae

170 891 361 964 descendam,
378 911 551 968 magnorum
565 890 645 948 haud
659 909 800 966 umquam
815 890 951 966 indignus
966 909 1095 948 avomm.

209 991 267 1048 Vix
280 1008 316 1048 ea
329 990 404 1048 satus
419 1000 497 1049 erat:
521 988 636 1047 medios
650 989 729 1046 volat
743 1005 815 1046 ecce
830 1007 883 1064 per
898 989 988 1046 hostis

170 1099 271 1147 vectus
285 1107 363 1164 equo
378 1097 532 1164 spumante
547 1088 644 1158 Saces,
660 1086 785 1145 adversa
798 1087 902 1162 sagitta

170 1187 285 1244 saucius
300 1204 359 1257 ora,
374 1186 489 1261 ruitque
505 1185 662 1260 implorans
676 1184 797 1242 nomine
810 1185 960 1241 Turnum:

171 1287 295 1356 ‘Tume,
311 1284 341 1342 in
356 1293 385 1341 te
401 1301 538 1358 suprema
552 1282 646 1340 salus:
670 1283 806 1339 miserere
821 1292 947 1339 tuorum.

171 1383 317 1441 Fulminat
331 1384 447 1440 Aeneas
461 1381 548 1438 armis
562 1398 750 1455 summasque
765 1380 889 1438 minatur

170 1480 352 1539 deiectumm
367 1498 449 1537 arces
464 1479 571 1536 Italum
586 1478 777 1552 exscidioque
792 1477 947 1550 datumm;

171 1580 287 1653 iamque
302 1578 381 1635 faces
396 1576 434 1634 ad
449 1585 527 1636 tecta
540 1577 648 1634 volant.
691 1577 771 1634 Inte
785 1593 836 1632 ora
851 1575 955 1644 latini,

170 1677 200 1733 in
215 1685 243 1734 te
259 1675 360 1733 oculos
374 1675 520 1747 referunt3
543 1684 652 1731 mussat
667 1691 719 1730 rex
732 1673 795 1748 ipse
810 1673 938 1742 Latinus,

171 1792 245 1848 quos
259 1791 384 1848 generos
398 1781 485 1829 vocet
500 1781 550 1830 aut
563 1789 639 1846 quae
654 1789 719 1828 sese
734 1769 772 1828 ad
787 1769 907 1828 foedera
920 1769 1026 1827 flectat.

172 1874 325 1929 Praeterea
338 1871 448 1944 regina,
464 1869 505 1927 tui
519 1868 669 1940 fidissima,
685 1867 790 1926 dextra

172 1968 282 2026 occidit
296 1969 359 2044 ipsa
373 1987 426 2026 sua
439 1967 596 2042 lucemque
611 1966 746 2024 exterrita
759 1966 840 2041 sugit.

173 2066 230 2126 Soli
245 2085 299 2142 pro
312 2066 404 2141 portis
421 2066 576 2140 Messapus
591 2073 621 2122 et
636 2082 704 2121 acer
717 2065 819 2122 Atinas

173 2172 334 2223 sustentant
349 2163 452 2220 aciem.
496 2162 614 2221 Circum
629 2162 683 2220 hos
699 2163 843 2237 utrimque
859 2162 1019 2237 phalanges

172 2273 248 2322 stant
263 2263 382 2334 densae,
398 2261 562 2336 strictisque
576 2280 661 2337 seges
676 2263 866 2321 mucronibus
880 2262 978 2319 horret

172 2363 282 2420 ferrea:
305 2370 336 2418 tu
352 2379 468 2426 currum
482 2358 599 2418 deserto
615 2360 644 2418 in
659 2360 789 2435 gramine
803 2361 919 2418 versas!

174 2459 324 2534 Obstipuit
337 2458 415 2516 varia
429 2458 568 2515 confusus
583 2458 709 2532 imagine
725 2476 820 2514 rerum

172 2559 287 2615 Turnus
302 2567 331 2614 et
345 2556 448 2614 obtutu
463 2555 553 2613 tacito
568 2556 654 2612 stetit.
698 2557 819 2612 Aestuat
832 2556 936 2631 ingens

173 2674 232 2712 uno
247 2655 278 2712 in
293 2653 382 2712 corde
397 2652 494 2730 pudor
507 2653 658 2727 mixtoque
674 2652 786 2709 insania
799 2652 879 2709 luctu

173 2763 203 2811 et
216 2752 295 2810 furiis
310 2751 432 2826 agitatus
447 2768 531 2808 amor
545 2760 574 2808 et
589 2751 710 2808 conscia
724 2750 820 2808 virtus.

172 2852 215 2910 Ut
228 2850 357 2927 primum
371 2848 519 2906 discussae
534 2849 656 2907 umbrae
671 2858 701 2906 et
714 2848 764 2906 lux
777 2847 892 2906 reddita
906 2849 1007 2919 menti,

173 2946 301 3005 ardentis
316 2947 468 3004 oculorum
483 2946 569 3005 orbes
584 2945 622 3003 ad
638 2947 758 3004 moenia
772 2947 852 3004 torsit

174 3044 305 3103 turbidus
321 3061 396 3119 eque
411 3044 481 3102 rotis
497 3062 632 3120 magnam
648 3044 775 3118 respexit
789 3043 829 3100 ad
842 3044 954 3102 urbem.

175 3145 255 3200 Ecce
271 3153 370 3201 autern
384 3142 508 3200 flammis
522 3141 596 3199 inter
610 3141 738 3200 tabulata
751 3141 866 3199 volutus

174 3240 212 3298 ad
227 3241 341 3298 caelum
356 3240 486 3300 undabat
496 3250 596 3298 vortex
610 3240 769 3315 turrimque
784 3240 911 3312 tenebat,

174 3340 282 3410 tanim,
298 3339 460 3415 compactis
475 3339 604 3397 trabibus
619 3356 708 3414 quam
723 3337 862 3396 eduxerat
877 3338 939 3413 ipse

174 3437 403 3513 subdideratque
418 3446 495 3494 rotas
511 3437 667 3512 pontisque
683 3436 852 3494 instraverat
867 3436 951 3494 altos.

176 3537 260 3593 ‘Iam
275 3536 333 3593 iam
348 3535 414 3606 fata,
430 3553 519 3606 soror,
539 3543 696 3610 superant;
718 3533 824 3592 absiste
839 3534 963 3606 morari,

175 3651 234 3708 quo
250 3632 324 3691 deus
338 3643 367 3690 et
383 3651 442 3708 quo
457 3631 530 3690 dura
543 3641 630 3690 vocat
646 3632 784 3703 Fortuna,
800 3649 964 3707 sequamur.

176 3731 236 3790 Stat
251 3731 383 3789 conferre
398 3749 518 3789 manum
533 3733 661 3802 Aeneae,
677 3739 734 3789 stat
748 3728 894 3805 quidquid
907 3729 1006 3787 acerbi
1020 3739 1063 3787 est

489 3859 522 3892 ⁸⁸⁵
533 3859 655 3917 obstrepuit.
672 3859 729 3904 Eds.
759 3859 874 3916 opstipuit.
891 3858 920 3902 R,
