2742 4284
170 310 230 356 ΧΠ.
243 308 303 368 tos]
406 294 487 360 Care
509 297 550 376 of
567 294 621 356 tlte
646 295 816 358 Woundcd
830 294 970 358 AEneas.

172 492 201 539 et
216 482 330 539 cristam
345 481 467 539 adverso
483 500 567 539 curru
581 482 674 556 quatit
689 500 758 539 aura
771 481 927 539 volantem.

172 581 243 637 Non
256 580 319 637 tulit
334 581 489 637 instantem
506 579 639 655 Phegeus
654 580 816 655 animisque
831 580 1021 638 frementem:

170 677 281 735 obiecit
294 696 358 736 sese
373 677 411 736 ad
426 695 542 736 currum
556 687 586 735 et
600 678 765 753 spumantia
779 678 867 735 frenis

171 793 223 833 ora
236 776 391 832 citatorum
405 775 508 833 dextra
522 774 643 834 detorsit
658 794 811 850 equorum.

172 875 252 932 Dum
266 873 387 931 trahitur
400 872 570 949 pendetque
585 873 667 948 iugis,
683 873 763 930 hunc
780 873 837 931 lata
850 883 993 932 retectum

169 972 273 1029 lancea
286 972 475 1046 consequitur
488 971 656 1047 rumpitque
672 972 761 1029 infixa
774 971 891 1029 bilicem

170 1070 288 1127 loricam
304 1078 333 1126 et
348 1087 495 1126 summum
509 1068 645 1144 degustat
660 1069 778 1127 volnere
793 1087 908 1144 corpus.

172 1167 223 1225 Ille
238 1177 338 1224 tamen
352 1167 449 1241 clipeo
464 1167 583 1225 obiecto
598 1185 757 1225 conversus
772 1168 802 1225 in
816 1167 931 1225 hostem

170 1265 230 1322 ibat
244 1275 274 1322 et
288 1265 426 1322 auxilium
441 1265 532 1322 ducto
548 1282 688 1322 mucrone
703 1264 840 1340 petebat:

171 1381 239 1420 cnm
253 1372 317 1420 rota
331 1362 523 1438 praecipitem
538 1371 567 1419 et
582 1379 724 1438 procursu
738 1362 872 1420 concitus
886 1363 949 1420 axis

170 1459 283 1535 impuht
298 1459 480 1534 effunditque
496 1459 568 1530 solo,
584 1460 758 1534 Turnusque
773 1469 891 1517 secutus

171 1557 259 1614 imam
274 1558 349 1614 inter
363 1557 477 1632 galeam
492 1556 598 1614 summi
613 1556 740 1614 thoracis
755 1567 785 1614 et
798 1576 862 1615 oras

170 1655 287 1713 abstulit
301 1673 372 1711 ense
388 1664 477 1728 caput
491 1663 686 1728 truncumque
702 1655 816 1729 reliquit
831 1673 945 1712 arenae.

210 1755 306 1826 Atque
321 1771 356 1809 ea
371 1751 442 1809 dum
457 1751 569 1826 campis
583 1752 678 1810 victor
692 1750 743 1809 dat
757 1752 858 1810 funera
871 1754 996 1825 Turnus,

170 1852 281 1909 interea
294 1853 416 1907 Aenean
431 1849 605 1908 Mnestheus
620 1858 651 1908 et
663 1848 741 1908 fidus
755 1850 883 1908 Achates

168 1949 372 2023 Ascaniusque
388 1966 489 2005 comes
504 1948 604 2005 castris
619 1957 745 2006 statuere
761 1959 924 2021 cruentum,

170 2047 296 2105 alternos
311 2046 398 2121 longa
412 2046 553 2103 nitentem
570 2045 693 2120 cuspide
708 2063 833 2120 gressus.

169 2145 266 2204 Saevit
280 2153 310 2201 et
322 2144 443 2201 infracta
457 2143 582 2200 luctatur
596 2142 739 2202 arundine
755 2145 844 2203 telum

170 2243 281 2318 eripere
296 2242 460 2318 auxilioque
475 2243 561 2314 viam,
577 2261 653 2318 quae
668 2243 810 2318 proxima,
826 2244 924 2319 poscit

169 2357 241 2398 ense
255 2350 356 2397 secent
370 2341 429 2398 lato
445 2340 546 2398 volnus
561 2340 670 2414 telique
685 2341 826 2399 latebram

169 2437 336 2496 rescindant
350 2439 467 2512 penitus
481 2455 605 2513 seseque
621 2437 651 2495 in
665 2437 742 2496 bella
755 2439 911 2496 remittant.

171 2537 293 2611 Iamque
308 2535 408 2592 aderat
424 2534 546 2593 Phoebo
562 2545 629 2593 ante
645 2536 716 2593 alios
732 2535 856 2594 dilectus
872 2538 964 2612 Iapyx

170 2632 291 2704 Iasides,
306 2633 365 2690 acri
380 2633 531 2708 quondam
547 2633 594 2690 cui
611 2643 714 2708 captus
729 2652 828 2692 amore

169 2732 231 2806 ipse
247 2749 313 2788 suas
329 2740 415 2802 artes,
430 2749 483 2788 sua
497 2749 627 2802 munera,
644 2731 736 2789 laetus
752 2732 858 2806 Apollo

169 2829 321 2911 augurium
335 2828 533 2904 citharamque
549 2828 638 2886 dabat
654 2829 814 2904 celerisque
830 2830 956 2904 sagittas.

171 2927 223 2985 Ille
238 2937 270 2984 ut
284 2925 411 3001 depositi
426 2926 567 3001 proferret
584 2926 640 2982 fata
656 2927 792 3001 parentis,

168 3025 243 3082 scire
257 3034 417 3099 potestates
433 3023 586 3081 herbarum
604 3041 748 3099 usumque
763 3023 904 3082 medendi

171 3122 270 3179 maluit
285 3134 314 3179 et
329 3132 423 3179 mutas
438 3122 545 3196 agitare
562 3121 799 3196 ingloriusartes.

169 3220 269 3278 Stabat
283 3220 388 3277 acerba
403 3220 537 3289 fremens,
553 3219 704 3294 ingentem
718 3220 802 3278 nixus
817 3221 847 3278 in
861 3221 974 3278 hastam

169 3321 285 3375 Aeneas
300 3335 408 3392 magno
423 3318 560 3375 iuvenum
575 3327 605 3375 et
620 3318 777 3375 maerentis
791 3319 847 3376 Iuli

170 3433 324 3487 concursu,
340 3416 465 3475 lacrimis
480 3415 645 3475 immobilis.
690 3415 743 3474 Ille
757 3425 866 3474 retorto

171 3513 333 3572 Paeonium
346 3514 376 3572 in
392 3531 502 3573 morem
518 3513 615 3572 senior
630 3514 798 3572 succinctus
812 3514 920 3572 amictu
1015 3552 1017 3557 ,
1044 3536 1047 3540 ⁴

170 3613 260 3670 multa
274 3630 362 3669 manu
377 3611 494 3670 medica
509 3611 678 3689 Phoebique
694 3612 863 3688 potentibus
877 3611 975 3670 herbis

170 3711 350 3786 nequiquam
364 3707 498 3786 trepidat,
513 3709 694 3784 nequiquam
709 3710 819 3786 spicula
834 3709 936 3768 dextra

558 3839 591 3872 4⁰⁸
603 3839 768 3898 nequidquam.
784 3839 842 3888 Ed&
