2742 4284
112 331 145 380 x.
161 329 234 393 3²4]
338 318 405 380 The
426 317 552 380 Rutuli
575 315 698 399 Oppose
720 317 774 379 tlte
796 317 963 400 landing.

113 525 175 580 qua
189 504 268 563 vada
282 523 344 563 non
358 513 456 579 sperat
469 520 526 560 nec
541 503 631 560 fracta
645 515 837 561 remurmurat
851 503 940 573 unda,

114 603 171 662 sed
186 620 268 660 mare
284 602 460 660 inoffensum
477 601 621 658 crescenti
636 600 779 658 adlabitur
793 612 884 671 aestu,

114 699 242 758 advertit
258 700 355 758 subito
371 716 488 773 proram
503 699 658 772 sociosque
674 710 827 773 precatur:

116 800 238 869 ‘Nune,
254 815 275 854 0
288 797 365 854 lecta
379 814 492 868 manus,
508 794 610 853 validis
625 797 785 855 incumbite
799 799 905 868 remis;

115 897 220 968 tollite,
237 894 310 952 ferte
325 904 400 953 rates
414 915 421 965 ;
445 894 593 952 inimicam
609 893 711 952 findite
726 896 823 953 rostris

116 996 194 1052 hanc
211 1005 329 1062 terram,
345 991 519 1066 sulcumque
536 991 591 1050 sibi
605 1002 720 1066 premat
733 992 797 1068 ipsa
810 993 919 1050 carina.

117 1093 269 1166 Frangere
284 1109 341 1147 nee
356 1091 405 1146 tali
420 1091 545 1164 puppim
561 1091 684 1146 statione
699 1107 803 1148 recuso

117 1198 236 1264 arrepta
250 1188 351 1245 tellure
368 1188 477 1245 semel!
523 1187 606 1260 Quae
623 1187 692 1244 talia
705 1197 864 1263 postquam

117 1286 224 1345 effatus
238 1286 386 1356 Tarchon,
403 1286 475 1344 socii
491 1302 668 1359 consurgere
684 1284 776 1342 tonsis

118 1385 343 1460 spumantisque
358 1393 435 1441 rates
451 1383 524 1440 arvis
540 1383 643 1439 inferre
660 1382 778 1451 Latinis,

118 1482 220 1541 donec
235 1490 329 1539 rostra
343 1490 445 1538 teuent
461 1481 572 1538 siccum
589 1489 618 1536 et
633 1478 736 1537 sedere
751 1480 867 1537 carinae

119 1598 228 1638 omnes
243 1579 399 1648 innocuae,
416 1576 468 1635 sed
484 1597 543 1634 uon
559 1577 667 1652 puppis
681 1587 741 1646 tua,
755 1577 902 1635 Tarchon.

119 1678 262 1750 Namque
279 1674 389 1732 inflicta
403 1674 484 1732 vadis
500 1674 589 1732 dorso
604 1673 676 1732 dum
691 1674 802 1749 pendet
816 1675 926 1748 iniquo,

119 1792 234 1848 anceps
249 1782 411 1830 sustentata
426 1771 476 1830 diu
492 1773 655 1846 fluctusque
669 1772 777 1846 fatigat,

119 1872 243 1930 solvitur
257 1881 345 1944 atque
361 1871 436 1928 viros
454 1869 558 1927 mediis
574 1871 696 1944 exponit
710 1869 739 1926 in
755 1870 840 1926 undis

119 1969 267 2044 fragmina
281 1986 430 2026 remorum
446 1985 521 2042 quos
537 1979 566 2024 et
582 1966 723 2024 fluitantia
737 1977 860 2026 transtra

120 2066 300 2142 impediunt,
316 2065 493 2140 retrahitque
509 2064 618 2140 pedem
634 2064 718 2122 simul
733 2065 814 2123 unda
827 2066 968 2124 relabens.

165 2165 233 2222 Nec
247 2164 379 2221 Turnum
396 2164 492 2238 segnis
508 2164 613 2221 retinet
627 2181 718 2234 mora,
731 2162 784 2220 sed
797 2165 872 2239 rapit
886 2183 954 2222 acer

120 2273 217 2322 totam
232 2262 327 2319 aciem
344 2262 373 2318 in
388 2262 520 2318 Teucros
535 2271 565 2318 et
579 2271 682 2318 contra
696 2261 726 2318 in
741 2262 824 2318 litore
838 2263 919 2322 sistit.

121 2361 212 2436 Signa
227 2369 347 2417 canunt.
393 2359 504 2416 Primus
520 2369 628 2416 turmas
644 2359 747 2416 invasit
761 2361 881 2433 agrestis

122 2462 251 2528 Aeneas,
267 2475 357 2515 omen
373 2473 498 2531 pugnae,
516 2457 672 2530 stravitque
689 2457 808 2514 Latinos

121 2556 227 2615 occiso
242 2555 389 2630 Therone,
408 2555 500 2612 vimm
517 2554 567 2628 qui
582 2554 724 2612 maximus
739 2554 813 2613 ultro

123 2658 250 2713 Aenean
266 2654 355 2727 petit:
382 2653 452 2709 huic
467 2650 566 2726 gladio
581 2669 692 2726 perque
706 2670 791 2710 aerea
808 2663 881 2723 suta,

121 2771 179 2830 per
193 2752 325 2809 tunicam
342 2751 523 2824 squalentem
539 2767 609 2806 auro
624 2749 698 2808 latus
713 2750 806 2808 haurit
819 2760 962 2825 apertum.

124 2850 204 2910 Inde
213 2849 326 2909 Lichan
342 2849 415 2918 ferit,
433 2859 584 2904 exsectum
601 2848 659 2904 iam
673 2857 763 2906 matre
778 2859 931 2923 perempta

123 2962 155 3008 et
171 2949 233 3020 tibi,
251 2947 380 3018 Phoebe,
400 2964 533 3004 sacmm:
558 2963 643 3002 casus
658 2945 782 3003 evadere
796 2947 862 3004 ferri

124 3066 187 3123 quo
202 3047 284 3104 licuit
299 3045 410 3120 parvo?
455 3044 521 3100 Nec
536 3043 621 3118 longe
636 3043 738 3102 Cissea
752 3043 856 3101 durum

124 3147 347 3218 immanemque
364 3145 459 3218 Gyan,
479 3141 634 3199 sternentis
650 3142 766 3214 agmina
779 3141 869 3212 clava,

125 3243 238 3302 deiecit
255 3245 346 3301 Leto:
371 3243 441 3300 nihil
456 3240 519 3299 illos
538 3238 674 3298 Herculis
690 3256 771 3295 arma

126 3360 185 3400 nee
200 3341 314 3398 validae
329 3341 426 3399 iuvere
442 3358 546 3398 manus
563 3337 737 3413 genitorque
752 3338 926 3412 Melampus,

127 3438 253 3497 Alcidae
269 3455 370 3496 comes
385 3454 479 3512 usque
494 3437 586 3512 gravis
603 3435 672 3492 dum
689 3443 764 3491 terra
778 3433 891 3492 labores

128 3535 273 3612 praebuit.
318 3535 398 3592 Eece
414 3533 518 3603 Pharo,
533 3551 622 3592 voces
640 3532 712 3590 dum
728 3532 815 3589 iactat
830 3533 936 3605 inertis,

129 3633 302 3707 intorquens
318 3632 444 3690 iaculum
459 3630 595 3689 clamanti
612 3631 684 3688 sistit
700 3631 730 3688 in
744 3649 804 3689 ore.

129 3732 177 3788 Tu
193 3747 321 3804 quoque,
337 3729 490 3786 flaventem
506 3729 600 3803 prima
614 3728 751 3804 lanugine
767 3728 856 3786 malas

130 3857 163 3893 ¹⁹1
179 3859 292 3917 spirante.
309 3858 341 3904 H.
351 3858 400 3902 and
411 3857 440 3904 C.
492 3857 525 3890 ⁸⁰¹
537 3858 613 3915 pedes.
634 3858 662 3904 C.
714 3857 747 3891 ⁸1³
764 3858 831 3916 quoa
853 3858 909 3904 Eds.
964 3857 998 3890 ⁸²⁸
1013 3861 1144 3907 clamauit.
1158 3860 1188 3908 (L

472 3968 497 4015 k
