<?xml version="1.0" encoding="UTF-8"?>
<!DOCTYPE html PUBLIC "-//W3C//DTD XHTML 1.0 Transitional//EN"
    "http://www.w3.org/TR/xhtml1/DTD/xhtml1-transitional.dtd">
<html xmlns="http://www.w3.org/1999/xhtml" xml:lang="en" lang="en">
 <head>
  <title>
</title>
<meta http-equiv="Content-Type" content="text/html;charset=utf-8" />
  <meta name='ocr-system' content='tesseract 3.04.00' />
  <meta name='ocr-capabilities' content='ocr_page ocr_carea ocr_par ocr_line ocrx_word'/>
</head>
<body>
  <div class='ocr_page' id='page_1' title='image "./greaterpoemsvir03virggoog_0226.png"; bbox 0 0 2742 4284; ppageno 0'>
   <div class='ocr_carea' id='block_1_1' title="bbox 143 279 830 363">
    <p class='ocr_par' dir='ltr' id='par_1_1' title="bbox 143 279 830 363">
     <span class='ocr_line' id='line_1_1' title="bbox 143 279 830 363; baseline 0.001 -19"><span class='ocrx_word' id='word_1_1' title='bbox 143 299 207 346; x_wconf 86' lang='lat'>220</span> <span class='ocrx_word' id='word_1_2' title='bbox 505 279 661 343; x_wconf 82' lang='lat' dir='ltr'>Diseases</span> <span class='ocrx_word' id='word_1_3' title='bbox 683 282 725 363; x_wconf 88' lang='lat' dir='ltr'>of</span> <span class='ocrx_word' id='word_1_4' title='bbox 739 281 830 346; x_wconf 84' lang='lat' dir='ltr'>Bccs.</span> 
     </span>
    </p>
   </div>
   <div class='ocr_carea' id='block_1_2' title="bbox 140 465 972 3775">
    <p class='ocr_par' dir='ltr' id='par_1_2' title="bbox 140 465 972 3775">
     <span class='ocr_line' id='line_1_2' title="bbox 141 465 859 538; baseline 0.001 -14"><span class='ocrx_word' id='word_1_5' title='bbox 141 477 173 524; x_wconf 91' lang='lat' dir='ltr'>ut</span> <span class='ocrx_word' id='word_1_6' title='bbox 188 485 266 524; x_wconf 91' lang='lat' dir='ltr'>mare</span> <span class='ocrx_word' id='word_1_7' title='bbox 282 467 437 524; x_wconf 92' lang='lat' dir='ltr'>sollicitum</span> <span class='ocrx_word' id='word_1_8' title='bbox 452 465 545 524; x_wconf 87' lang='lat' dir='ltr'>stridit</span> <span class='ocrx_word' id='word_1_9' title='bbox 560 465 748 525; x_wconf 88' lang='lat' dir='ltr'>refluentibus</span> <span class='ocrx_word' id='word_1_10' title='bbox 762 466 859 538; x_wconf 88' lang='lat' dir='ltr'>undis,</span> 
     </span>
     <span class='ocr_line' id='line_1_3' title="bbox 142 563 841 640; baseline 0.001 -18"><span class='ocrx_word' id='word_1_11' title='bbox 142 573 254 622; x_wconf 86' lang='lat' dir='ltr'><strong>aestuat</strong></span> <span class='ocrx_word' id='word_1_12' title='bbox 267 573 299 622; x_wconf 91' lang='lat' dir='ltr'>ut</span> <span class='ocrx_word' id='word_1_13' title='bbox 314 564 417 622; x_wconf 91' lang='lat' dir='ltr'>clausis</span> <span class='ocrx_word' id='word_1_14' title='bbox 432 563 551 639; x_wconf 86' lang='lat' dir='ltr'>rapidus</span> <span class='ocrx_word' id='word_1_15' title='bbox 566 565 733 622; x_wconf 86' lang='lat' dir='ltr'>lomacibus</span> <span class='ocrx_word' id='word_1_16' title='bbox 748 566 841 640; x_wconf 87' lang='lat' dir='ltr'>iguis;</span> 
     </span>
     <span class='ocr_line' id='line_1_4' title="bbox 142 661 877 738; baseline 0.001 -18"><span class='ocrx_word' id='word_1_17' title='bbox 142 663 189 721; x_wconf 95' lang='lat' dir='ltr'>hic</span> <span class='ocrx_word' id='word_1_18' title='bbox 204 663 261 721; x_wconf 89' lang='lat' dir='ltr'>iam</span> <span class='ocrx_word' id='word_1_19' title='bbox 276 663 433 738; x_wconf 87' lang='lat' dir='ltr'>galbaneos</span> <span class='ocrx_word' id='word_1_20' title='bbox 448 662 580 720; x_wconf 88' lang='lat' dir='ltr'>suadebo</span> <span class='ocrx_word' id='word_1_21' title='bbox 595 661 755 720; x_wconf 87' lang='lat' dir='ltr'>incendere</span> <span class='ocrx_word' id='word_1_22' title='bbox 769 662 877 722; x_wconf 90' lang='lat' dir='ltr'>odores</span> 
     </span>
     <span class='ocr_line' id='line_1_5' title="bbox 141 759 914 845; baseline 0 -27"><span class='ocrx_word' id='word_1_23' title='bbox 141 760 285 835; x_wconf 89' lang='lat' dir='ltr'>mellaque</span> <span class='ocrx_word' id='word_1_24' title='bbox 299 759 465 818; x_wconf 86' lang='lat' dir='ltr'>arundineis</span> <span class='ocrx_word' id='word_1_25' title='bbox 481 760 584 818; x_wconf 80' lang='lat' dir='ltr'>inferre</span> <span class='ocrx_word' id='word_1_26' title='bbox 600 760 759 832; x_wconf 86' lang='lat' dir='ltr'>canalibus,</span> <span class='ocrx_word' id='word_1_27' title='bbox 772 761 846 818; x_wconf 93' lang='lat' dir='ltr'>ultro</span> <span class='ocrx_word' id='word_1_28' title='bbox 910 836 914 845; x_wconf 22' lang='grc' dir='ltr'>ι</span> 
     </span>
     <span class='ocr_line' id='line_1_6' title="bbox 141 857 892 934; baseline 0 -17"><span class='ocrx_word' id='word_1_29' title='bbox 141 859 305 917; x_wconf 82' lang='lat' dir='ltr'>hortantem</span> <span class='ocrx_word' id='word_1_30' title='bbox 321 867 350 915; x_wconf 90' lang='lat' dir='ltr'>et</span> <span class='ocrx_word' id='word_1_31' title='bbox 364 859 453 915; x_wconf 87' lang='lat' dir='ltr'>lessas</span> <span class='ocrx_word' id='word_1_32' title='bbox 467 857 505 914; x_wconf 91' lang='lat' dir='ltr'>ad</span> <span class='ocrx_word' id='word_1_33' title='bbox 521 859 627 934; x_wconf 86' lang='lat' dir='ltr'>pabula</span> <span class='ocrx_word' id='word_1_34' title='bbox 641 869 713 916; x_wconf 90' lang='lat' dir='ltr'>nota</span> <span class='ocrx_word' id='word_1_35' title='bbox 726 870 892 917; x_wconf 90' lang='lat' dir='ltr'>vocantem.</span> 
     </span>
     <span class='ocr_line' id='line_1_7' title="bbox 142 956 887 1032; baseline 0.001 -18"><span class='ocrx_word' id='word_1_36' title='bbox 142 956 274 1014; x_wconf 88' lang='lat' dir='ltr'>Proderit</span> <span class='ocrx_word' id='word_1_37' title='bbox 289 966 318 1013; x_wconf 90' lang='lat' dir='ltr'>et</span> <span class='ocrx_word' id='word_1_38' title='bbox 332 965 451 1014; x_wconf 93' lang='lat' dir='ltr'>tunsum</span> <span class='ocrx_word' id='word_1_39' title='bbox 466 956 557 1031; x_wconf 91' lang='lat' dir='ltr'>gallae</span> <span class='ocrx_word' id='word_1_40' title='bbox 573 956 736 1014; x_wconf 88' lang='lat' dir='ltr'>admiscere</span> <span class='ocrx_word' id='word_1_41' title='bbox 751 975 887 1032; x_wconf 89' lang='lat' dir='ltr'>saporem</span> 
     </span>
     <span class='ocr_line' id='line_1_8' title="bbox 142 1054 779 1134; baseline -0.002 -21"><span class='ocrx_word' id='word_1_42' title='bbox 142 1055 304 1128; x_wconf 90' lang='lat' dir='ltr'>arentisque</span> <span class='ocrx_word' id='word_1_43' title='bbox 320 1072 399 1112; x_wconf 90' lang='lat' dir='ltr'>rosas</span> <span class='ocrx_word' id='word_1_44' title='bbox 414 1064 464 1111; x_wconf 90' lang='lat' dir='ltr'>aut</span> <span class='ocrx_word' id='word_1_45' title='bbox 479 1054 537 1129; x_wconf 87' lang='lat' dir='ltr'>igni</span> <span class='ocrx_word' id='word_1_46' title='bbox 553 1055 672 1134; x_wconf 87' lang='lat' dir='ltr'>pinguia</span> <span class='ocrx_word' id='word_1_47' title='bbox 687 1056 779 1113; x_wconf 90' lang='lat' dir='ltr'>multo</span> 
     </span>
     <span class='ocr_line' id='line_1_9' title="bbox 140 1151 824 1228; baseline 0.001 -18"><span class='ocrx_word' id='word_1_48' title='bbox 140 1151 256 1210; x_wconf 86' lang='lat' dir='ltr'>desmta</span> <span class='ocrx_word' id='word_1_49' title='bbox 269 1152 314 1209; x_wconf 89' lang='lat' dir='ltr'>vel</span> <span class='ocrx_word' id='word_1_50' title='bbox 328 1151 434 1226; x_wconf 87' lang='lat' dir='ltr'>psithia</span> <span class='ocrx_word' id='word_1_51' title='bbox 448 1170 550 1228; x_wconf 92' lang='lat' dir='ltr'>passos</span> <span class='ocrx_word' id='word_1_52' title='bbox 565 1152 603 1210; x_wconf 95' lang='lat' dir='ltr'>de</span> <span class='ocrx_word' id='word_1_53' title='bbox 620 1153 677 1226; x_wconf 91' lang='lat' dir='ltr'>vite</span> <span class='ocrx_word' id='word_1_54' title='bbox 692 1170 824 1211; x_wconf 87' lang='lat' dir='ltr'>racemos</span> 
     </span>
     <span class='ocr_line' id='line_1_10' title="bbox 141 1250 972 1327; baseline 0.001 -18"><span class='ocrx_word' id='word_1_55' title='bbox 141 1250 379 1326; x_wconf 90' lang='lat' dir='ltr'>Cecropiumque</span> <span class='ocrx_word' id='word_1_56' title='bbox 394 1251 526 1327; x_wconf 91' lang='lat' dir='ltr'>thymum</span> <span class='ocrx_word' id='word_1_57' title='bbox 541 1261 570 1308; x_wconf 92' lang='lat' dir='ltr'>et</span> <span class='ocrx_word' id='word_1_58' title='bbox 585 1269 671 1326; x_wconf 88' lang='lat' dir='ltr'>grave</span> <span class='ocrx_word' id='word_1_59' title='bbox 686 1251 795 1308; x_wconf 88' lang='lat' dir='ltr'>olentia</span> <span class='ocrx_word' id='word_1_60' title='bbox 808 1261 972 1310; x_wconf 90' lang='lat' dir='ltr'>centaurea.</span> 
     </span>
     <span class='ocr_line' id='line_1_11' title="bbox 142 1347 832 1424; baseline 0 -18"><span class='ocrx_word' id='word_1_61' title='bbox 142 1350 195 1406; x_wconf 91' lang='lat' dir='ltr'>Est</span> <span class='ocrx_word' id='word_1_62' title='bbox 209 1348 295 1406; x_wconf 90' lang='lat' dir='ltr'>etiam</span> <span class='ocrx_word' id='word_1_63' title='bbox 311 1347 364 1405; x_wconf 90' lang='lat' dir='ltr'>flos</span> <span class='ocrx_word' id='word_1_64' title='bbox 380 1349 409 1407; x_wconf 93' lang='lat' dir='ltr'>in</span> <span class='ocrx_word' id='word_1_65' title='bbox 424 1350 522 1424; x_wconf 87' lang='lat' dir='ltr'>pratis,</span> <span class='ocrx_word' id='word_1_66' title='bbox 538 1349 586 1406; x_wconf 89' lang='lat' dir='ltr'>cui</span> <span class='ocrx_word' id='word_1_67' title='bbox 602 1366 712 1406; x_wconf 91' lang='lat' dir='ltr'>nomen</span> <span class='ocrx_word' id='word_1_68' title='bbox 727 1350 832 1407; x_wconf 89' lang='lat' dir='ltr'>amello</span> 
     </span>
     <span class='ocr_line' id='line_1_12' title="bbox 141 1446 859 1521; baseline 0.003 -18"><span class='ocrx_word' id='word_1_69' title='bbox 141 1446 237 1503; x_wconf 86' lang='lat' dir='ltr'>secere</span> <span class='ocrx_word' id='word_1_70' title='bbox 251 1447 405 1521; x_wconf 87' lang='lat' dir='ltr'>agricolae,</span> <span class='ocrx_word' id='word_1_71' title='bbox 421 1447 511 1504; x_wconf 91' lang='lat' dir='ltr'>facilis</span> <span class='ocrx_word' id='word_1_72' title='bbox 528 1447 734 1521; x_wconf 87' lang='lat' dir='ltr'>quaerentibus</span> <span class='ocrx_word' id='word_1_73' title='bbox 750 1446 859 1519; x_wconf 86' lang='lat' dir='ltr'>herba;</span> 
     </span>
     <span class='ocr_line' id='line_1_13' title="bbox 142 1545 919 1621; baseline 0 -18"><span class='ocrx_word' id='word_1_74' title='bbox 142 1562 267 1618; x_wconf 91' lang='lat' dir='ltr'>namque</span> <span class='ocrx_word' id='word_1_75' title='bbox 283 1563 343 1602; x_wconf 92' lang='lat' dir='ltr'>uno</span> <span class='ocrx_word' id='word_1_76' title='bbox 358 1545 507 1620; x_wconf 90' lang='lat' dir='ltr'>ingentem</span> <span class='ocrx_word' id='word_1_77' title='bbox 522 1545 596 1602; x_wconf 91' lang='lat' dir='ltr'>tollit</span> <span class='ocrx_word' id='word_1_78' title='bbox 611 1545 649 1603; x_wconf 90' lang='lat' dir='ltr'>de</span> <span class='ocrx_word' id='word_1_79' title='bbox 665 1545 794 1621; x_wconf 83' lang='lat' dir='ltr'>caespite</span> <span class='ocrx_word' id='word_1_80' title='bbox 809 1546 919 1616; x_wconf 88' lang='lat' dir='ltr'>silvam,</span> 
     </span>
     <span class='ocr_line' id='line_1_14' title="bbox 141 1641 900 1719; baseline 0 -19"><span class='ocrx_word' id='word_1_81' title='bbox 141 1661 243 1700; x_wconf 92' lang='lat' dir='ltr'>aureus</span> <span class='ocrx_word' id='word_1_82' title='bbox 259 1643 329 1719; x_wconf 87' lang='lat' dir='ltr'>ipse,</span> <span class='ocrx_word' id='word_1_83' title='bbox 345 1641 399 1701; x_wconf 90' lang='lat' dir='ltr'>sed</span> <span class='ocrx_word' id='word_1_84' title='bbox 414 1643 443 1700; x_wconf 92' lang='lat' dir='ltr'>in</span> <span class='ocrx_word' id='word_1_85' title='bbox 458 1643 541 1714; x_wconf 88' lang='lat' dir='ltr'>foliis,</span> <span class='ocrx_word' id='word_1_86' title='bbox 559 1661 634 1716; x_wconf 92' lang='lat' dir='ltr'>quae</span> <span class='ocrx_word' id='word_1_87' title='bbox 650 1644 773 1719; x_wconf 88' lang='lat' dir='ltr'>plurima</span> <span class='ocrx_word' id='word_1_88' title='bbox 789 1644 900 1700; x_wconf 90' lang='lat' dir='ltr'>circum</span> 
     </span>
     <span class='ocr_line' id='line_1_15' title="bbox 141 1740 844 1816; baseline 0 -18"><span class='ocrx_word' id='word_1_89' title='bbox 141 1740 309 1812; x_wconf 90' lang='lat' dir='ltr'>funduntur,</span> <span class='ocrx_word' id='word_1_90' title='bbox 325 1741 419 1798; x_wconf 88' lang='lat' dir='ltr'>violae</span> <span class='ocrx_word' id='word_1_91' title='bbox 435 1741 568 1798; x_wconf 87' lang='lat' dir='ltr'>sublucet</span> <span class='ocrx_word' id='word_1_92' title='bbox 583 1758 712 1816; x_wconf 88' lang='lat' dir='ltr'>purpura</span> <span class='ocrx_word' id='word_1_93' title='bbox 726 1742 844 1816; x_wconf 83' lang='lat' dir='ltr'>nigrae;</span> 
     </span>
     <span class='ocr_line' id='line_1_16' title="bbox 145 1838 846 1918; baseline 0 -20"><span class='ocrx_word' id='word_1_94' title='bbox 145 1838 249 1918; x_wconf 91' lang='lat' dir='ltr'>[saepe</span> <span class='ocrx_word' id='word_1_95' title='bbox 263 1838 354 1898; x_wconf 90' lang='lat' dir='ltr'>deum</span> <span class='ocrx_word' id='word_1_96' title='bbox 369 1840 451 1898; x_wconf 91' lang='lat' dir='ltr'>nexis</span> <span class='ocrx_word' id='word_1_97' title='bbox 465 1849 584 1897; x_wconf 90' lang='lat' dir='ltr'>ornatae</span> <span class='ocrx_word' id='word_1_98' title='bbox 599 1840 749 1914; x_wconf 92' lang='lat' dir='ltr'>torquibus</span> <span class='ocrx_word' id='word_1_99' title='bbox 764 1839 846 1918; x_wconf 91' lang='lat' dir='ltr'>arae]</span> 
     </span>
     <span class='ocr_line' id='line_1_17' title="bbox 141 1938 839 2014; baseline 0 -19"><span class='ocrx_word' id='word_1_100' title='bbox 141 1956 226 2014; x_wconf 88' lang='lat' dir='ltr'>asper</span> <span class='ocrx_word' id='word_1_101' title='bbox 239 1938 269 1995; x_wconf 91' lang='lat' dir='ltr'>in</span> <span class='ocrx_word' id='word_1_102' title='bbox 283 1955 332 1995; x_wconf 90' lang='lat' dir='ltr'>ore</span> <span class='ocrx_word' id='word_1_103' title='bbox 348 1956 454 2013; x_wconf 83' lang='lat' dir='ltr'>sapor;</span> <span class='ocrx_word' id='word_1_104' title='bbox 475 1938 566 1995; x_wconf 92' lang='lat' dir='ltr'>tonsis</span> <span class='ocrx_word' id='word_1_105' title='bbox 581 1939 610 1995; x_wconf 95' lang='lat' dir='ltr'>in</span> <span class='ocrx_word' id='word_1_106' title='bbox 625 1938 745 1996; x_wconf 91' lang='lat' dir='ltr'>vallibus</span> <span class='ocrx_word' id='word_1_107' title='bbox 760 1939 839 1996; x_wconf 92' lang='lat' dir='ltr'>illum</span> 
     </span>
     <span class='ocr_line' id='line_1_18' title="bbox 142 2035 903 2113; baseline -0.001 -19"><span class='ocrx_word' id='word_1_108' title='bbox 142 2046 272 2112; x_wconf 90' lang='lat' dir='ltr'>pastores</span> <span class='ocrx_word' id='word_1_109' title='bbox 287 2046 316 2093; x_wconf 92' lang='lat' dir='ltr'>et</span> <span class='ocrx_word' id='word_1_110' title='bbox 331 2055 418 2094; x_wconf 90' lang='lat' dir='ltr'>curva</span> <span class='ocrx_word' id='word_1_111' title='bbox 432 2037 531 2112; x_wconf 86' lang='lat' dir='ltr'>legunt</span> <span class='ocrx_word' id='word_1_112' title='bbox 545 2055 636 2113; x_wconf 90' lang='lat' dir='ltr'>prope</span> <span class='ocrx_word' id='word_1_113' title='bbox 652 2035 773 2094; x_wconf 88' lang='lat' dir='ltr'>flumina</span> <span class='ocrx_word' id='word_1_114' title='bbox 787 2037 903 2094; x_wconf 87' lang='lat' dir='ltr'>Mellae.</span> 
     </span>
     <span class='ocr_line' id='line_1_19' title="bbox 143 2133 794 2209; baseline 0 -17"><span class='ocrx_word' id='word_1_115' title='bbox 143 2135 239 2192; x_wconf 89' lang='lat' dir='ltr'>Huius</span> <span class='ocrx_word' id='word_1_116' title='bbox 255 2133 377 2191; x_wconf 88' lang='lat' dir='ltr'>odorato</span> <span class='ocrx_word' id='word_1_117' title='bbox 392 2134 507 2192; x_wconf 92' lang='lat' dir='ltr'>radices</span> <span class='ocrx_word' id='word_1_118' title='bbox 523 2135 649 2209; x_wconf 92' lang='lat' dir='ltr'>incoque</span> <span class='ocrx_word' id='word_1_119' title='bbox 666 2134 794 2206; x_wconf 91' lang='lat' dir='ltr'>Baccho,</span> 
     </span>
     <span class='ocr_line' id='line_1_20' title="bbox 141 2231 871 2308; baseline -0.001 -18"><span class='ocrx_word' id='word_1_120' title='bbox 141 2233 306 2308; x_wconf 87' lang='lat' dir='ltr'>pabulaque</span> <span class='ocrx_word' id='word_1_121' title='bbox 321 2232 350 2289; x_wconf 92' lang='lat' dir='ltr'>in</span> <span class='ocrx_word' id='word_1_122' title='bbox 365 2233 474 2290; x_wconf 87' lang='lat' dir='ltr'>foribus</span> <span class='ocrx_word' id='word_1_123' title='bbox 489 2232 582 2306; x_wconf 92' lang='lat' dir='ltr'>plenis</span> <span class='ocrx_word' id='word_1_124' title='bbox 597 2231 716 2307; x_wconf 90' lang='lat' dir='ltr'>adpone</span> <span class='ocrx_word' id='word_1_125' title='bbox 731 2232 871 2290; x_wconf 89' lang='lat' dir='ltr'>canistris.</span> 
     </span>
     <span class='ocr_line' id='line_1_21' title="bbox 182 2329 963 2405; baseline -0.001 -17"><span class='ocrx_word' id='word_1_126' title='bbox 182 2329 240 2388; x_wconf 91' lang='lat' dir='ltr'>Sed</span> <span class='ocrx_word' id='word_1_127' title='bbox 254 2329 366 2404; x_wconf 90' lang='lat' dir='ltr'>siquem</span> <span class='ocrx_word' id='word_1_128' title='bbox 382 2330 478 2405; x_wconf 92' lang='lat' dir='ltr'>proles</span> <span class='ocrx_word' id='word_1_129' title='bbox 494 2330 589 2388; x_wconf 92' lang='lat' dir='ltr'>subito</span> <span class='ocrx_word' id='word_1_130' title='bbox 606 2329 747 2387; x_wconf 85' lang='lat' dir='ltr'>defecerit</span> <span class='ocrx_word' id='word_1_131' title='bbox 761 2330 865 2399; x_wconf 90' lang='lat' dir='ltr'>omnis,</span> <span class='ocrx_word' id='word_1_132' title='bbox 956 2353 963 2368; x_wconf 93' lang='lat'><strong>·</strong></span> 
     </span>
     <span class='ocr_line' id='line_1_22' title="bbox 141 2427 944 2503; baseline 0.001 -19"><span class='ocrx_word' id='word_1_133' title='bbox 141 2445 207 2499; x_wconf 89' lang='lat' dir='ltr'>nec,</span> <span class='ocrx_word' id='word_1_134' title='bbox 222 2445 314 2503; x_wconf 90' lang='lat' dir='ltr'>genus</span> <span class='ocrx_word' id='word_1_135' title='bbox 329 2427 408 2486; x_wconf 93' lang='lat' dir='ltr'>unde</span> <span class='ocrx_word' id='word_1_136' title='bbox 424 2445 519 2486; x_wconf 87' lang='lat' dir='ltr'>novae</span> <span class='ocrx_word' id='word_1_137' title='bbox 534 2428 629 2502; x_wconf 88' lang='lat' dir='ltr'>stirpis</span> <span class='ocrx_word' id='word_1_138' title='bbox 643 2437 804 2498; x_wconf 90' lang='lat' dir='ltr'>revocetur,</span> <span class='ocrx_word' id='word_1_139' title='bbox 816 2427 944 2497; x_wconf 89' lang='lat' dir='ltr'>habebit,</span> 
     </span>
     <span class='ocr_line' id='line_1_23' title="bbox 142 2525 913 2601; baseline -0.003 -18"><span class='ocrx_word' id='word_1_140' title='bbox 142 2536 257 2601; x_wconf 91' lang='lat' dir='ltr'>tempus</span> <span class='ocrx_word' id='word_1_141' title='bbox 273 2536 302 2583; x_wconf 90' lang='lat' dir='ltr'>et</span> <span class='ocrx_word' id='word_1_142' title='bbox 316 2525 433 2585; x_wconf 90' lang='lat' dir='ltr'>Arcadii</span> <span class='ocrx_word' id='word_1_143' title='bbox 448 2525 639 2583; x_wconf 89' lang='lat' dir='ltr'>memoranda</span> <span class='ocrx_word' id='word_1_144' title='bbox 654 2526 772 2584; x_wconf 90' lang='lat' dir='ltr'>inventa</span> <span class='ocrx_word' id='word_1_145' title='bbox 785 2526 913 2600; x_wconf 90' lang='lat' dir='ltr'>magistri</span> 
     </span>
     <span class='ocr_line' id='line_1_24' title="bbox 142 2620 950 2699; baseline -0.001 -18"><span class='ocrx_word' id='word_1_146' title='bbox 142 2622 282 2699; x_wconf 87' lang='lat' dir='ltr'>pandere,</span> <span class='ocrx_word' id='word_1_147' title='bbox 297 2642 416 2699; x_wconf 92' lang='lat' dir='ltr'>quoque</span> <span class='ocrx_word' id='word_1_148' title='bbox 431 2623 522 2682; x_wconf 91' lang='lat' dir='ltr'>modo</span> <span class='ocrx_word' id='word_1_149' title='bbox 537 2623 629 2681; x_wconf 90' lang='lat' dir='ltr'>caesis</span> <span class='ocrx_word' id='word_1_150' title='bbox 644 2624 703 2681; x_wconf 92' lang='lat' dir='ltr'>iam</span> <span class='ocrx_word' id='word_1_151' title='bbox 717 2640 805 2698; x_wconf 90' lang='lat' dir='ltr'>saepe</span> <span class='ocrx_word' id='word_1_152' title='bbox 821 2620 950 2680; x_wconf 82' lang='lat' dir='ltr'>iuvencis</span> 
     </span>
     <span class='ocr_line' id='line_1_25' title="bbox 142 2721 877 2797; baseline -0.001 -20"><span class='ocrx_word' id='word_1_153' title='bbox 142 2721 301 2779; x_wconf 87' lang='lat' dir='ltr'>insincerus</span> <span class='ocrx_word' id='word_1_154' title='bbox 318 2741 387 2797; x_wconf 92' lang='lat' dir='ltr'>apes</span> <span class='ocrx_word' id='word_1_155' title='bbox 401 2722 497 2780; x_wconf 90' lang='lat' dir='ltr'>tulerit</span> <span class='ocrx_word' id='word_1_156' title='bbox 512 2739 606 2779; x_wconf 91' lang='lat' dir='ltr'>cruor.</span> <span class='ocrx_word' id='word_1_157' title='bbox 650 2721 742 2778; x_wconf 83' lang='lat' dir='ltr'>Altius</span> <span class='ocrx_word' id='word_1_158' title='bbox 758 2737 877 2778; x_wconf 89' lang='lat' dir='ltr'>omnem</span> 
     </span>
     <span class='ocr_line' id='line_1_26' title="bbox 142 2818 866 2895; baseline -0.001 -19"><span class='ocrx_word' id='word_1_159' title='bbox 142 2818 298 2895; x_wconf 88' lang='lat' dir='ltr'>expediam</span> <span class='ocrx_word' id='word_1_160' title='bbox 314 2820 407 2895; x_wconf 89' lang='lat' dir='ltr'>prima</span> <span class='ocrx_word' id='word_1_161' title='bbox 421 2829 556 2893; x_wconf 90' lang='lat' dir='ltr'>repetens</span> <span class='ocrx_word' id='word_1_162' title='bbox 571 2819 608 2877; x_wconf 95' lang='lat' dir='ltr'>ab</span> <span class='ocrx_word' id='word_1_163' title='bbox 624 2819 735 2893; x_wconf 87' lang='lat' dir='ltr'>origine</span> <span class='ocrx_word' id='word_1_164' title='bbox 750 2819 866 2876; x_wconf 86' lang='lat' dir='ltr'>samam.</span> 
     </span>
     <span class='ocr_line' id='line_1_27' title="bbox 143 2916 793 2992; baseline -0.003 -18"><span class='ocrx_word' id='word_1_165' title='bbox 143 2917 220 2974; x_wconf 91' lang='lat' dir='ltr'>Nam</span> <span class='ocrx_word' id='word_1_166' title='bbox 235 2935 294 2991; x_wconf 92' lang='lat' dir='ltr'>qua</span> <span class='ocrx_word' id='word_1_167' title='bbox 309 2917 416 2974; x_wconf 91' lang='lat' dir='ltr'>Pellaei</span> <span class='ocrx_word' id='word_1_168' title='bbox 430 2935 501 2992; x_wconf 92' lang='lat' dir='ltr'>gens</span> <span class='ocrx_word' id='word_1_169' title='bbox 517 2916 661 2974; x_wconf 85' lang='lat' dir='ltr'>fortunata</span> <span class='ocrx_word' id='word_1_170' title='bbox 675 2917 793 2990; x_wconf 89' lang='lat' dir='ltr'>Canopi</span> 
     </span>
     <span class='ocr_line' id='line_1_28' title="bbox 142 3013 801 3089; baseline 0.002 -19"><span class='ocrx_word' id='word_1_171' title='bbox 142 3015 248 3072; x_wconf 91' lang='lat' dir='ltr'>accolit</span> <span class='ocrx_word' id='word_1_172' title='bbox 263 3015 354 3072; x_wconf 86' lang='lat' dir='ltr'>effuso</span> <span class='ocrx_word' id='word_1_173' title='bbox 369 3024 550 3089; x_wconf 90' lang='lat' dir='ltr'>stagnantem</span> <span class='ocrx_word' id='word_1_174' title='bbox 565 3013 684 3072; x_wconf 89' lang='lat' dir='ltr'>flumine</span> <span class='ocrx_word' id='word_1_175' title='bbox 701 3014 801 3071; x_wconf 91' lang='lat' dir='ltr'>Nilum</span> 
     </span>
     <span class='ocr_line' id='line_1_29' title="bbox 142 3111 819 3187; baseline -0.001 -17"><span class='ocrx_word' id='word_1_176' title='bbox 142 3122 172 3170; x_wconf 90' lang='lat' dir='ltr'>et</span> <span class='ocrx_word' id='word_1_177' title='bbox 186 3113 296 3171; x_wconf 90' lang='lat' dir='ltr'>circum</span> <span class='ocrx_word' id='word_1_178' title='bbox 311 3112 396 3187; x_wconf 91' lang='lat' dir='ltr'>pictis</span> <span class='ocrx_word' id='word_1_179' title='bbox 411 3111 524 3170; x_wconf 90' lang='lat' dir='ltr'>vehitur</span> <span class='ocrx_word' id='word_1_180' title='bbox 538 3130 592 3170; x_wconf 87' lang='lat' dir='ltr'>sua</span> <span class='ocrx_word' id='word_1_181' title='bbox 604 3131 670 3169; x_wconf 93' lang='lat' dir='ltr'>rura</span> <span class='ocrx_word' id='word_1_182' title='bbox 684 3112 819 3187; x_wconf 67' lang='lat' dir='ltr'>phaselis</span> 
     </span>
     <span class='ocr_line' id='line_1_30' title="bbox 141 3199 841 3286; baseline -0.001 -19"><span class='ocrx_word' id='word_1_183' title='bbox 141 3227 257 3285; x_wconf 90' lang='lat' dir='ltr'>quaque</span> <span class='ocrx_word' id='word_1_184' title='bbox 272 3210 453 3286; x_wconf 87' lang='lat' dir='ltr'>pharetratae</span> <span class='ocrx_word' id='word_1_185' title='bbox 468 3210 575 3267; x_wconf 89' lang='lat' dir='ltr'>vicinia</span> <span class='ocrx_word' id='word_1_186' title='bbox 590 3199 716 3267; x_wconf 89' lang='lat' dir='ltr'>Persidis</span> <span class='ocrx_word' id='word_1_187' title='bbox 731 3219 841 3284; x_wconf 87' lang='lat' dir='ltr'>urguet,</span> 
     </span>
     <span class='ocr_line' id='line_1_31' title="bbox 146 3305 868 3385; baseline -0.001 -20"><span class='ocrx_word' id='word_1_188' title='bbox 146 3305 192 3385; x_wconf 93' lang='lat' dir='ltr'>[et</span> <span class='ocrx_word' id='word_1_189' title='bbox 205 3307 327 3365; x_wconf 90' lang='lat' dir='ltr'>viridem</span> <span class='ocrx_word' id='word_1_190' title='bbox 343 3310 508 3384; x_wconf 88' lang='lat' dir='ltr'>Aegyptum</span> <span class='ocrx_word' id='word_1_191' title='bbox 523 3308 604 3382; x_wconf 84' lang='lat' dir='ltr'>nigra</span> <span class='ocrx_word' id='word_1_192' title='bbox 618 3307 759 3365; x_wconf 80' lang='lat' dir='ltr'>fecundat</span> <span class='ocrx_word' id='word_1_193' title='bbox 772 3325 868 3377; x_wconf 88' lang='lat' dir='ltr'>arena,</span> 
     </span>
     <span class='ocr_line' id='line_1_32' title="bbox 142 3404 788 3481; baseline -0.002 -18"><span class='ocrx_word' id='word_1_194' title='bbox 142 3415 171 3463; x_wconf 92' lang='lat' dir='ltr'>et</span> <span class='ocrx_word' id='word_1_195' title='bbox 185 3405 298 3464; x_wconf 88' lang='lat' dir='ltr'>diversa</span> <span class='ocrx_word' id='word_1_196' title='bbox 311 3424 399 3464; x_wconf 92' lang='lat' dir='ltr'>ruens</span> <span class='ocrx_word' id='word_1_197' title='bbox 413 3416 528 3481; x_wconf 90' lang='lat' dir='ltr'>septem</span> <span class='ocrx_word' id='word_1_198' title='bbox 543 3404 678 3462; x_wconf 87' lang='lat' dir='ltr'>discurrit</span> <span class='ocrx_word' id='word_1_199' title='bbox 692 3405 723 3463; x_wconf 92' lang='lat' dir='ltr'>in</span> <span class='ocrx_word' id='word_1_200' title='bbox 737 3423 788 3462; x_wconf 91' lang='lat' dir='ltr'>ora</span> 
     </span>
     <span class='ocr_line' id='line_1_33' title="bbox 142 3501 804 3580; baseline -0.003 -18"><span class='ocrx_word' id='word_1_201' title='bbox 142 3522 234 3577; x_wconf 88' lang='lat' dir='ltr'>usque</span> <span class='ocrx_word' id='word_1_202' title='bbox 250 3504 384 3561; x_wconf 85' lang='lat' dir='ltr'>coloratis</span> <span class='ocrx_word' id='word_1_203' title='bbox 399 3504 493 3561; x_wconf 90' lang='lat' dir='ltr'>amnis</span> <span class='ocrx_word' id='word_1_204' title='bbox 506 3503 636 3561; x_wconf 87' lang='lat' dir='ltr'>devexus</span> <span class='ocrx_word' id='word_1_205' title='bbox 651 3503 689 3561; x_wconf 91' lang='lat' dir='ltr'>ab</span> <span class='ocrx_word' id='word_1_206' title='bbox 705 3501 804 3580; x_wconf 94' lang='lat' dir='ltr'>Indis]</span> 
     </span>
     <span class='ocr_line' id='line_1_34' title="bbox 142 3600 876 3676; baseline -0.001 -17"><span class='ocrx_word' id='word_1_207' title='bbox 142 3601 237 3660; x_wconf 89' lang='lat' dir='ltr'>omnis</span> <span class='ocrx_word' id='word_1_208' title='bbox 252 3602 281 3659; x_wconf 92' lang='lat' dir='ltr'>in</span> <span class='ocrx_word' id='word_1_209' title='bbox 296 3601 351 3658; x_wconf 91' lang='lat' dir='ltr'>hac</span> <span class='ocrx_word' id='word_1_210' title='bbox 365 3611 477 3659; x_wconf 89' lang='lat' dir='ltr'>certam</span> <span class='ocrx_word' id='word_1_211' title='bbox 490 3601 571 3676; x_wconf 91' lang='lat' dir='ltr'>regio</span> <span class='ocrx_word' id='word_1_212' title='bbox 586 3601 653 3658; x_wconf 91' lang='lat' dir='ltr'>iacit</span> <span class='ocrx_word' id='word_1_213' title='bbox 668 3610 729 3658; x_wconf 88' lang='lat' dir='ltr'>arte</span> <span class='ocrx_word' id='word_1_214' title='bbox 744 3600 876 3658; x_wconf 90' lang='lat' dir='ltr'>salutem.</span> 
     </span>
     <span class='ocr_line' id='line_1_35' title="bbox 143 3698 918 3775; baseline -0.001 -19"><span class='ocrx_word' id='word_1_215' title='bbox 143 3699 272 3774; x_wconf 86' lang='lat' dir='ltr'>Exiguus</span> <span class='ocrx_word' id='word_1_216' title='bbox 286 3698 412 3775; x_wconf 89' lang='lat' dir='ltr'>primum</span> <span class='ocrx_word' id='word_1_217' title='bbox 425 3710 514 3774; x_wconf 91' lang='lat' dir='ltr'>atque</span> <span class='ocrx_word' id='word_1_218' title='bbox 528 3698 607 3774; x_wconf 88' lang='lat' dir='ltr'>ipsos</span> <span class='ocrx_word' id='word_1_219' title='bbox 623 3707 790 3757; x_wconf 90' lang='lat' dir='ltr'>contractus</span> <span class='ocrx_word' id='word_1_220' title='bbox 804 3698 835 3756; x_wconf 91' lang='lat' dir='ltr'>in</span> <span class='ocrx_word' id='word_1_221' title='bbox 849 3716 918 3756; x_wconf 92' lang='lat' dir='ltr'>usus</span> 
     </span>
    </p>
   </div>
   <div class='ocr_carea' id='block_1_3' title="bbox 314 3826 1023 3886">
    <p class='ocr_par' dir='ltr' id='par_1_3' title="bbox 314 3826 1023 3886">
     <span class='ocr_line' id='line_1_36' title="bbox 314 3826 1023 3886; baseline -0.001 -13"><span class='ocrx_word' id='word_1_222' title='bbox 314 3827 347 3861; x_wconf 76' lang='lat'>2⁹¹</span> <span class='ocrx_word' id='word_1_223' title='bbox 359 3843 379 3882; x_wconf 83' lang='lat'>2,</span> <span class='ocrx_word' id='word_1_224' title='bbox 389 3843 403 3886; x_wconf 84' lang='lat'>3</span> <span class='ocrx_word' id='word_1_225' title='bbox 414 3829 472 3874; x_wconf 80' lang='lat' dir='ltr'>alter</span> <span class='ocrx_word' id='word_1_226' title='bbox 483 3832 532 3882; x_wconf 80' lang='lat'>289.</span> <span class='ocrx_word' id='word_1_227' title='bbox 549 3829 576 3873; x_wconf 89' lang='lat' dir='ltr'>R.</span> <span class='ocrx_word' id='word_1_228' title='bbox 862 3826 897 3859; x_wconf 76' lang='lat'>²⁹⁵</span> <span class='ocrx_word' id='word_1_229' title='bbox 912 3828 950 3872; x_wconf 80' lang='lat' dir='ltr'>ad.</span> <span class='ocrx_word' id='word_1_230' title='bbox 966 3827 1023 3872; x_wconf 63' lang='lat' dir='ltr'>Fue</span> 
     </span>
    </p>
   </div>
   <div class='ocr_carea' id='block_1_4' title="bbox 0 0 1377 4284">
    <p class='ocr_par' dir='ltr' id='par_1_4' title="bbox 0 0 1377 4284">
     <span class='ocr_line' id='line_1_37' title="bbox 0 0 1377 4284; baseline 0 0"><span class='ocrx_word' id='word_1_231' title='bbox 0 0 1377 4284; x_wconf 95' lang='lat' dir='ltr'> </span> 
     </span>
    </p>
   </div>
  </div>
 </body>
</html>
