2742 4284
182 282 242 330 110
540 264 729 328 Diomedc's
750 265 863 346 Reply.

178 454 338 527 Postquam
353 450 520 526 introgressi
535 459 565 507 et
579 467 678 507 coram
695 448 763 506 data
777 450 865 525 copia
877 450 967 522 sandi,

178 567 298 607 munera
311 547 508 624 praeferimus,
522 565 633 606 nomen
647 547 995 622 patriamquedocemus,

178 647 228 722 qui
242 646 349 704 bellum
364 645 520 716 intulerint,
537 663 613 721 quae
630 663 719 702 causa
731 646 877 703 attraxerit
891 648 995 720 Arpos.

178 744 291 803 Auditis
307 744 352 800 ille
368 744 442 802 haec
456 742 574 818 placido
589 743 631 800 sic
645 743 776 801 reddidit
789 761 858 801 ore:

179 843 234 901 “O
249 842 410 900 fortunatae
425 850 538 916 gentes
553 841 685 900 Saturnia
698 858 797 916 regna,

178 939 290 1015 antiqui
305 938 435 1009 Ausonii,
452 956 527 1013 quae
542 957 594 996 vos
608 939 724 997 fortuna
738 939 853 1014 quietos
959 921 962 924 ⁴

179 1037 313 1096 sollicitat
328 1035 490 1110 suadetque
505 1036 606 1112 ignota
621 1037 763 1094 lacessere
779 1036 875 1095 bella?

180 1135 367 1210 Quicumque
383 1133 489 1191 Iliacos
503 1133 578 1192 ferro
592 1134 763 1192 violavimus
778 1152 873 1209 agros,

179 1234 263 1291 mitto
277 1251 322 1303 ea,
338 1249 413 1307 quae
429 1231 518 1289 muris
533 1231 669 1289 bellando
684 1231 825 1290 exhausta
839 1233 894 1291 sub
908 1233 981 1304 altis,

179 1350 253 1407 quos
268 1329 372 1390 Simois
387 1338 501 1405 premat
515 1329 561 1387 ille
575 1329 661 1400 viros,
676 1328 798 1387 infanda
811 1348 864 1405 per
877 1331 979 1389 orbem

179 1429 321 1505 supplicia
336 1437 365 1485 et
379 1427 522 1486 scelerum
537 1446 648 1502 poenas
663 1426 858 1502 expendimus
873 1442 986 1498 omnen,

179 1527 224 1585 vel
240 1527 353 1585 Priamo
369 1523 535 1583 miseranda
547 1544 668 1583 manus:
693 1525 747 1583 scit
760 1525 839 1583 triste
856 1527 1008 1584 Minervae

180 1626 259 1684 sidus
273 1635 304 1682 et
319 1624 469 1682 Euboicae
485 1631 585 1682 cautes
600 1624 733 1697 ultorque
749 1622 928 1698 Caphareus.

181 1723 284 1781 Militia
300 1740 336 1780 ex
351 1722 397 1779 illa
412 1721 559 1779 diversum
574 1720 613 1778 ad
627 1721 692 1778 litus
707 1721 803 1779 abacti

180 1820 295 1879 Atrides
312 1820 407 1877 Protei
422 1818 575 1877 Menelaus
591 1818 723 1892 adusque
738 1819 890 1877 columnas

181 1918 300 1989 exsulat,
317 1919 463 1975 Aetnaeos
477 1916 550 1974 vidit
564 1916 710 1992 Cyclopas
724 1917 834 1976 Ulixes.

182 2019 286 2091 Regna
301 2014 490 2091 Neoptolemi
503 2014 627 2072 referam
641 2031 798 2089 versosque
813 2025 934 2090 penates

184 2113 359 2172 Idomenei?
401 2113 550 2188 Libycone
565 2105 721 2170 habitantis
734 2112 817 2170 litore
833 2113 964 2169 Locros?

183 2213 250 2287 Ipse
267 2213 447 2287 Mycenaeus
461 2228 633 2285 magnorum
648 2210 756 2267 ductor
769 2210 913 2267 Achivom

183 2309 314 2384 coniugis
329 2307 465 2366 infandae
479 2308 573 2382 prima
586 2307 660 2364 iuter
675 2307 774 2365 limina
788 2306 890 2364 dextra

183 2407 324 2483 oppetiit:
348 2406 494 2465 devictam
509 2406 608 2463 Asiam
622 2404 753 2463 subsedit
767 2404 888 2463 adulter.

184 2504 325 2563 Invidisse
340 2503 422 2575 deos,
438 2503 536 2579 patriis
551 2513 582 2560 ut
598 2501 730 2560 redditus
744 2503 800 2560 aris

184 2603 351 2680 coniugium
366 2611 499 2677 optatum
514 2611 544 2658 et
558 2600 709 2676 pulchram
725 2599 879 2676 Calydona
892 2600 1044 2658 viderem?

185 2702 273 2759 Nunc
288 2701 375 2758 etiam
390 2699 519 2758 horribili
533 2700 596 2757 visu
611 2708 748 2774 portenta
760 2708 929 2773 sequuntur,

185 2810 214 2857 et
228 2800 300 2857 socii
314 2799 411 2856 amissi
425 2798 571 2873 petierunt
586 2796 705 2854 aethera
719 2797 823 2871 pennis

185 2896 409 2969 fluminibusque
424 2905 563 2970 vagantur
577 2913 655 2966 aves,
673 2893 731 2951 heu
746 2893 809 2952 dira
822 2911 956 2952 meorum

185 2993 335 3069 supplicia,
351 3001 380 3049 et
395 2993 532 3066 scopulos
546 2993 706 3050 lacrimosis
720 2992 842 3050 vocibus
856 2992 987 3066 implent.

186 3093 272 3149 Haec
287 3090 363 3148 adeo
378 3109 415 3147 ex
430 3089 478 3146 illo
493 3089 563 3146 mihi
577 3090 634 3146 iam
650 3088 795 3164 speranda
807 3089 923 3146 fuerunt

185 3199 329 3263 tempore,
344 3206 413 3245 cum
429 3187 503 3244 seno
518 3187 656 3244 caelestia
670 3204 795 3261 corpora
808 3185 931 3243 demens

185 3286 296 3362 adpetii
310 3296 339 3343 et
353 3285 475 3342 Veneris
489 3285 593 3342 violavi
608 3285 726 3342 volnere
741 3284 883 3342 dextram.

187 3387 234 3443 Ne
249 3402 327 3455 vero,
342 3402 380 3441 ne
395 3401 443 3440 me
459 3382 496 3439 ad
511 3383 574 3440 talis
590 3382 730 3457 impellite
744 3400 875 3457 pugnas:

186 3501 243 3542 nec
257 3482 328 3539 mihi
343 3500 411 3538 cum
425 3481 547 3538 Teucris
561 3481 651 3538 ullum
665 3493 734 3556 post
748 3491 830 3539 eruta
842 3479 953 3539 bellurn

187 3583 337 3656 Pergama,
351 3597 408 3637 nec
423 3589 554 3637 veterum
568 3579 689 3637 memini
703 3579 831 3638 laetorve
845 3579 997 3635 malorum.

187 3681 322 3750 Munera,
337 3696 413 3753 quae
429 3678 527 3752 patriis
542 3677 581 3734 ad
595 3695 643 3734 me
657 3677 779 3753 portatis
792 3676 830 3735 ab
845 3677 911 3746 oris,

625 3813 657 3846 Μ
669 3815 757 3870 pinnis.
772 3816 801 3858 R.

1112 277 1236 341 [AErrxrn.
