2742 4284
147 310 187 369 28
440 309 619 388 Dtrcovery
642 309 683 389 of
701 307 755 368 the
779 306 902 369 Swine.
1076 313 1199 377 [AEuuo.

146 493 252 550 litoreis
267 494 369 568 ingens
385 495 502 551 inventa
516 493 572 551 sub
587 493 699 552 ilicibus
714 511 771 561 sus,

145 591 260 665 triginta
273 592 402 666 capitum
418 592 491 649 setus
506 592 600 661 enixa,
615 591 732 658 iacebit,

145 688 219 758 alba,
235 688 297 746 solo
312 690 465 759 recubans,
481 689 537 748 albi
553 688 663 744 circum
679 688 768 746 ubera
781 687 850 744 nati.

146 789 162 820 *
174 787 233 843 Hic
247 786 329 844 locus
345 788 422 844 urbis
438 787 499 856 erit,
516 786 630 860 requies
645 803 680 842 ea
696 795 775 842 certa
788 785 919 842 laborum

147 903 182 941 ex
197 903 256 960 quo
271 895 314 941 ter
328 883 412 942 denis
428 886 528 942 urbem
544 883 733 941 redeuntibus
748 883 831 938 annis

148 983 288 1054 Ascanius
303 983 370 1039 clari
387 981 498 1039 condet
513 981 698 1056 cognominis
713 980 826 1038 Albam.

149 1079 238 1137 Haud
254 1081 364 1137 incerta
379 1079 479 1158 cano]
527 1080 614 1136 Nunc
630 1097 690 1152 qua
703 1078 815 1135 ratione
830 1076 911 1151 quod
926 1076 1012 1134 instat

147 1177 285 1252 expedias
300 1179 400 1247 victor,
417 1179 517 1252 paucis
537 1175 688 1252 (adverte)
708 1174 835 1233 docebn.

147 1275 276 1332 Arcades
292 1276 335 1333 his
350 1277 416 1345 oriS,
431 1293 522 1349 genus
538 1294 555 1332 a
570 1275 698 1332 Pallante
714 1273 887 1348 profectum,

147 1373 196 1447 qui
211 1391 309 1448 regem
328 1372 496 1430 Euandrum
513 1373 644 1442 comites,
661 1372 711 1446 qui
726 1371 809 1445 signa
822 1370 924 1439 secuti,

147 1470 283 1544 delegere
297 1472 394 1528 locum
410 1481 439 1527 et
453 1489 578 1545 posuere
594 1471 623 1527 in
640 1468 788 1526 montibus
803 1468 905 1524 urbem

148 1568 283 1626 Pallantis
299 1569 398 1642 proavi
414 1568 452 1626 de
467 1569 586 1626 nomine
604 1567 794 1624 Pallanteum.

150 1666 190 1722 Hi
206 1666 313 1723 bellum
329 1664 449 1723 adsidue
465 1666 577 1723 ducunt
593 1683 660 1722 cum
674 1675 762 1740 geute
781 1662 902 1733 Latina;

148 1764 201 1821 hos
216 1765 316 1821 castris
331 1765 438 1820 adhibe
454 1765 549 1821 socios
565 1774 594 1820 et
610 1763 729 1820 foedera
745 1762 841 1835 iunge.

149 1863 216 1935 Ipse
232 1880 287 1935 ego
303 1872 331 1917 te
346 1862 413 1934 ripis
430 1872 459 1917 et
475 1871 555 1917 recto
570 1860 688 1918 flumine
703 1859 821 1928 ducam,

147 1959 300 2015 adversum
315 1960 399 2016 remis
415 1977 533 2034 superes
549 1960 706 2017 subvectus
721 1968 752 2014 ut
766 1975 893 2014 amnem.

147 2058 236 2130 Surge
251 2075 313 2131 age,
330 2067 396 2112 nate
412 2056 477 2126 dea,
494 2057 650 2131 primisque
666 2055 838 2112 cadentibus
853 2054 934 2111 astris

149 2154 254 2210 lunoni
269 2154 311 2210 ser
324 2155 375 2210 rite
392 2172 493 2228 preces
508 2155 638 2229 iramque
654 2154 805 2227 minasque

147 2251 325 2326 supplicibus
340 2269 444 2324 supera
459 2252 541 2308 votis.
586 2251 659 2308 Mihi
674 2252 767 2308 victor
780 2250 923 2308 honorem

148 2349 302 2422 persolves.
347 2350 411 2422 Ego
425 2367 489 2405 sum
504 2349 593 2423 pleno
608 2367 697 2422 quem
714 2347 831 2406 flumine
846 2349 940 2406 cernis

146 2446 334 2519 stringentem
349 2447 425 2519 ripas
441 2454 469 2501 et
483 2445 602 2519 pinguia
616 2445 695 2502 culta
708 2457 868 2514 secantem,

147 2543 296 2600 caeruleus
309 2543 444 2619 Thybris,
461 2543 544 2599 caelo
559 2544 735 2617 gratissimus
750 2545 852 2601 amnis.

148 2641 208 2697 Hic
224 2641 293 2697 mihi
309 2659 414 2714 magna
428 2639 544 2709 domuS,
559 2641 643 2698 celsis
658 2652 747 2715 caput
761 2642 888 2712 urbibus,
904 2641 982 2698 exit.'

188 2739 275 2807 Dixit,
292 2736 400 2794 deinde
416 2737 480 2794 lacu
496 2736 596 2795 fluvius
612 2757 642 2795 se
659 2738 793 2796 condidit
807 2740 875 2808 alt0‚

145 2837 202 2893 ima
216 2846 320 2910 petens
334 2856 340 2904 ;
362 2853 421 2891 nox
436 2837 556 2892 Aenean
571 2854 750 2911 somnusque
765 2837 887 2911 reliquit.

145 2934 239 3007 Surgit
254 2943 283 2990 et
297 2933 417 2989 aetherii
432 2943 568 3007 spectans
584 2934 708 2991 orientia
721 2935 789 2992 solis

146 3032 254 3088 lumina
269 3031 320 3087 rite
336 3031 413 3087 cavis
429 3030 538 3087 undam
554 3031 592 3087 de
607 3031 726 3088 flumine
742 3033 844 3106 palmis

144 3129 265 3187 sustinet
280 3147 314 3185 ac
330 3129 392 3185 talis
408 3127 529 3186 effundit
545 3128 582 3185 ad
597 3130 716 3186 aethera
731 3149 836 3187 voces:

144 3227 327 3302 ‘Nymphae,
345 3227 502 3283 Laurentes
518 3227 676 3301 nymphae,
692 3246 785 3302 genus
799 3229 932 3286 amnibus
947 3226 1062 3298 undest,

143 3334 242 3398 tuque,
258 3343 276 3381 o
291 3324 400 3398 Thybri
414 3334 465 3380 tuo
480 3324 593 3398 genitor
608 3343 675 3381 curn
690 3324 808 3383 flumine
824 3336 936 3395 sanctu,

143 3422 266 3497 accipite
283 3424 403 3478 Aenean
418 3431 447 3477 et
463 3420 582 3478 tandem
598 3433 694 3478 arcete
709 3424 833 3497 periclis.

143 3521 212 3593 Quo
228 3530 256 3576 te
271 3537 398 3594 cumque
413 3519 494 3576 lacus
511 3519 696 3577 miserantem
711 3521 901 3579 incommoda
915 3531 1013 3578 nostra

142 3619 222 3675 sonte
238 3627 326 3686 tenet,
342 3633 529 3692 quocumque
544 3619 607 3674 solo
622 3618 833 3693 pulcherrimus
849 3620 920 3689 exis,

142 3732 260 3790 semper
274 3715 387 3772 honore
403 3731 479 3784 me0,
495 3733 611 3788 semper
625 3716 811 3774 celebrabere
828 3716 923 3781 donis,

554 3832 576 3867 ⁴⁶
589 3831 701 3887 Rejected
711 3833 742 3888 by
755 3833 783 3876 R
