2742 4284
180 304 243 350 210
410 287 521 369 Signa,
547 286 731 362 Remedics,
755 286 828 348 and
846 286 976 366 Effects.

178 474 271 531 victor
285 491 377 547 equus
393 473 539 547 fontisque
554 473 690 529 avertitur
703 482 732 538 et
747 472 825 547 pede
840 481 945 529 terram

179 570 280 628 crebra
294 570 377 642 ferit3
399 569 543 628 demissae
558 589 650 641 aures,
665 570 793 627 incertus
807 570 917 628 ibidem

179 667 267 725 sudor
281 677 310 724 et
325 667 371 725 ille
387 667 506 742 quidem
522 667 665 724 morituris
680 667 809 742 frigidus,
825 677 886 724 aret

178 765 260 840 pellis
276 774 305 822 et
320 763 358 821 ad
373 774 483 821 tactum
499 764 632 822 tractanti
647 763 721 822 dura
735 764 847 823 resistit.

180 864 266 919 Haec
281 872 348 919 ante
363 862 481 918 exitium
497 861 596 936 primis
612 861 683 918 dant
698 862 780 937 signa
793 861 917 935 diebus,

178 959 266 1018 sinin
281 977 420 1034 processu
435 958 534 1033 coepit
549 958 722 1024 crudescere
737 960 864 1032 morbus,

178 1067 240 1114 tum
254 1075 323 1115 vero
338 1056 473 1114 ardentes
489 1057 566 1114 oculi
581 1066 668 1131 atque
683 1066 821 1114 attractus
836 1058 873 1116 ab
888 1058 947 1116 alto

178 1155 301 1230 spiritus,
318 1153 464 1212 interdum
479 1155 589 1229 gemitu
604 1155 708 1228 gravis,
724 1154 840 1229 imaque
855 1155 944 1230 longo

178 1252 226 1308 ilia
240 1252 364 1327 singultu
380 1251 513 1323 tendunt,
531 1251 552 1309 it
567 1252 683 1309 naribus
698 1261 760 1308 ater

179 1351 303 1426 sanguis,
319 1359 348 1408 et
362 1350 495 1408 obsessas
510 1350 609 1407 fauces
624 1349 729 1424 premit
743 1368 846 1424 aspera
860 1350 966 1425 lingua.

180 1448 289 1506 meuit
304 1449 411 1505 inserto
427 1448 526 1504 latices
543 1447 695 1504 infundere
711 1465 801 1504 cornu

180 1548 312 1605 Lenaeos
324 1567 332 1617 3
356 1565 391 1602 ea
404 1547 464 1603 visa
480 1547 555 1603 salus
570 1545 761 1602 morientibus
775 1564 853 1618 una;

179 1664 249 1703 mox
264 1654 323 1702 erat
337 1644 395 1701 hoc
410 1644 506 1718 ipsum
522 1643 620 1714 exiti0‚
636 1643 773 1717 furiisque
787 1643 888 1701 refecti

179 1742 328 1812 ardebant,
344 1742 459 1816 ipsique
474 1759 542 1798 suos
557 1741 615 1798 iam
630 1750 724 1797 morte
739 1741 793 1799 sub
808 1759 902 1815 aegra,

179 1840 209 1897 di
224 1840 344 1897 meliora
358 1840 412 1913 piis
428 1856 613 1912 erroremque
630 1839 760 1896 hostibus
775 1838 864 1909 illum,

179 1937 316 1995 discissos
331 1936 417 1994 nudis
432 1937 579 1994 laniabant
595 1935 732 1992 dentibus
748 1946 834 1993 artus.

180 2037 261 2092 Ecce
276 2044 373 2092 autem
389 2033 463 2092 duro
478 2035 592 2092 fumans
608 2033 663 2091 sub
677 2051 796 2091 vomere
811 2043 908 2092 taurus

179 2132 310 2191 concidit
325 2143 354 2190 et
369 2133 491 2189 mixtum
505 2133 616 2207 spumis
632 2132 724 2189 vomit
739 2150 788 2188 ore
804 2149 938 2188 cruorem

180 2240 383 2304 extremosque
399 2231 457 2287 ciet
472 2230 605 2305 gemitus.
651 2231 678 2286 It
694 2229 779 2286 tristis
794 2238 888 2286 arator

179 2339 358 2386 maerentem
372 2328 533 2403 abiungens
549 2328 674 2384 fraterna
690 2336 783 2383 morte
798 2327 962 2397 iuvencum,

179 2437 266 2502 atque
282 2445 370 2500 opere
386 2427 415 2483 in
432 2425 531 2483 medio
547 2424 643 2482 defixa
657 2425 794 2498 relinquit
808 2434 909 2481 aratra.

180 2525 249 2584 Non
265 2525 383 2582 umbrae
399 2525 521 2580 altorum
537 2541 702 2592 nemorum,
720 2540 780 2579 non
796 2523 894 2579 mollia
906 2531 1030 2596 possunt

178 2632 260 2698 prata
274 2640 390 2679 movere
407 2622 546 2692 animum,
561 2639 622 2678 non
637 2621 686 2695 qui
702 2638 754 2694 per
769 2638 837 2676 saxa
852 2620 967 2677 volutus

178 2721 276 2794 purior
290 2720 399 2776 electro
416 2736 553 2792 campum
568 2719 641 2792 petit
657 2718 769 2789 amuis;
792 2726 822 2774 at
836 2718 893 2773 ima

178 2817 326 2875 solvuntur
340 2817 437 2886 latera,
453 2826 541 2890 atque
557 2816 658 2872 oculos
674 2825 776 2889 stupor
790 2824 873 2888 urget
888 2814 994 2884 inertis,

178 2914 217 2971 ad
232 2925 394 2988 terramque
410 2913 471 2971 fluit
487 2912 601 2969 devexo
618 2911 750 2986 pondere
767 2913 873 2968 cervix.

179 3011 259 3086 Quid
274 3012 355 3069 labor
369 3020 417 3068 aut
432 3011 588 3068 benefacta
603 3011 733 3067 iuvant?
765 3009 845 3083 Quid
859 3028 977 3067 vomere
992 3019 1080 3067 terras

178 3111 325 3166 invertisse
340 3109 453 3183 gravis?
496 3109 584 3182 Atqui
599 3126 659 3165 non
676 3108 805 3165 Massica
820 3107 929 3164 Bacchi

178 3225 307 3276 munera,
323 3226 383 3264 non
395 3207 448 3264 illis
465 3206 567 3281 epulae
584 3223 711 3262 nocuere
727 3215 879 3280 repostae:

177 3304 328 3364 frondibus
344 3314 372 3361 et
387 3305 464 3360 victu
481 3313 640 3377 pascuntur
655 3303 797 3377 simplicis
814 3302 931 3374 herbae,
1016 3294 1018 3297 ¹

178 3403 284 3479 pocula
294 3412 364 3460 sunt
379 3403 473 3459 fontes
490 3401 591 3475 liquidi
607 3412 694 3475 atque
711 3401 838 3458 exercita
853 3419 938 3458 cursu

178 3502 305 3572 flumina,
322 3519 377 3558 nec
395 3518 515 3558 somnos
530 3498 675 3573 abrumpit
690 3517 759 3555 cura
774 3499 902 3556 salubris.

177 3601 324 3673 Tempore
341 3617 400 3655 non
417 3598 473 3654 alio
489 3596 591 3654 dicunt
605 3596 772 3670 regionibus
790 3596 842 3653 illis

177 3697 322 3773 quaesitas
339 3695 376 3754 ad
392 3713 473 3753 sacra
486 3694 577 3752 boves
594 3694 716 3751 Iunonis
732 3704 761 3750 et
776 3694 833 3751 uris

178 3795 336 3869 imparibus
352 3794 457 3850 ductos
473 3793 529 3849 alta
543 3790 582 3848 ad
597 3789 719 3848 donaria
734 3809 841 3850 curms.
