2742 4284
155 299 199 364 90
436 282 540 366 Mago
563 283 672 364 Prays
684 286 750 366 for
768 286 821 348 ln's
843 286 929 368 Lise.
1085 297 1212 362 [AEnurn.

155 468 313 543 infectique
328 467 409 527 mihi.
452 467 522 526 Non
537 467 584 526 hic
599 469 720 528 victoria
733 473 880 530 Teucrum

154 567 272 625 vertitur
286 575 334 623 aut
349 565 446 622 anima
460 583 518 622 una
533 565 612 625 dabit
628 566 796 626 discrimina
811 572 908 628 tanta!

154 665 284 722 Dixerat.
327 665 442 720 Aeneas
456 672 558 720 contra
571 664 620 721 cui
634 665 701 721 talia
714 665 828 724 reddit:

155 761 290 836 ‘Argenti
305 771 392 835 atque
408 761 468 818 auri
483 779 630 820 memoras
645 781 721 836 quae
735 764 825 821 multa
839 766 956 838 talenta,

153 861 228 918 natis
242 876 329 934 parce
344 858 409 915 tuis
453 857 525 916 Belli
539 860 718 918 commercia
730 862 845 919 Turnus

154 957 266 1015 sustulit
281 957 334 1012 ista
348 956 425 1031 prior
439 956 496 1012 iam
511 965 573 1014 tum
589 958 716 1015 Pallante
731 970 894 1036 perempto.

155 1058 225 1113 Hoc
240 1054 327 1131 patris
342 1053 487 1111 Anchisae
505 1073 614 1126 manes,
631 1055 689 1114 hoc
704 1058 791 1115 sentit
807 1059 907 1118 Iulus.¹

153 1153 200 1211 Sic
214 1153 288 1210 fatus
303 1152 414 1226 galeam
430 1152 510 1209 laeva
526 1163 607 1210 tenet
622 1163 709 1228 atque
724 1155 830 1213 reflexa

153 1251 265 1308 cervice
281 1249 388 1307 orantis
403 1249 509 1325 capulo
525 1260 610 1308 tenus
625 1252 753 1326 applicat
767 1271 878 1314 ensem.

154 1349 220 1406 Nec
234 1347 335 1423 procul
351 1347 564 1420 Haemonides,
582 1348 695 1405 Phoebi
710 1350 882 1426 Triviaeque
896 1352 1041 1429 sacerdos,

153 1447 242 1504 infula
256 1446 303 1503 cui
317 1464 399 1503 sacra
412 1445 566 1504 redimibat
583 1457 718 1521 tempora
732 1448 811 1522 vitta,

153 1555 229 1604 totus
244 1545 404 1602 conlucens
418 1555 498 1602 veste
513 1554 600 1618 atque
616 1545 777 1621 insignibus
790 1549 885 1607 armis.

154 1644 251 1718 Quem
266 1661 438 1718 congressus
453 1643 512 1717 agit
527 1661 634 1719 campo
650 1645 822 1722 lapsumque
837 1658 1002 1722 superstans

153 1743 283 1799 immolat
297 1742 465 1817 ingentique
480 1742 584 1799 umbra
599 1744 689 1817 tegit;
712 1764 792 1801 amra
807 1746 935 1803 Serestus

152 1842 228 1898 lecta
242 1840 327 1897 refert
342 1839 457 1908 umeris
472 1839 533 1911 tibi,
548 1858 599 1898 rex
615 1841 752 1913 Gradive,
768 1853 928 1918 tropaeum.

153 1941 318 1996 Instaurant
332 1938 409 1995 acies
423 1937 549 1995 Volcani
565 1940 653 2015 stirpe
669 1951 783 1998 creatus

153 2036 297 2095 Caeculus
313 2045 342 2092 et
356 2036 475 2094 veniens
493 2038 658 2095 Marsorum
674 2038 822 2097 montibus
836 2039 968 2098 Umbro:

153 2133 337 2192 Dardanides
352 2144 453 2192 contra
468 2136 542 2192 furit.
587 2137 711 2193 Anxuris
727 2155 796 2194 ense
811 2137 953 2195 sinistram

152 2242 181 2290 et
195 2241 290 2290 totum
305 2232 391 2307 clipei
405 2232 480 2289 ferro
497 2232 645 2290 deiecerat
660 2235 762 2292 orbem
774 2256 781 2306 ;

153 2330 263 2388 dixerat
279 2330 325 2387 ille
340 2329 450 2405 aliquid
467 2350 606 2406 magnum
621 2332 739 2406 vimque
754 2333 854 2390 adfore
868 2334 957 2391 verbo

152 2427 316 2486 crediderat
332 2428 473 2502 caeloque
490 2429 622 2487 animum
638 2429 759 2486 fortasse
774 2430 883 2487 serebat

152 2527 347 2600 canitiemque
363 2526 416 2584 sibi
432 2536 461 2583 et
476 2527 580 2601 longos
595 2527 767 2601 promiserat
781 2546 891 2587 annos:

151 2624 305 2699 Tarquitus
320 2625 451 2681 exultans
468 2635 570 2681 contra
585 2625 761 2700 fulgentibus
775 2626 869 2697 armiS,

152 2722 296 2779 silvicolae
312 2723 414 2780 Fauno
430 2724 549 2798 Dryope
565 2741 654 2797 quem
669 2723 799 2798 nympha
812 2732 932 2795 crearat,

152 2820 253 2878 obvius
268 2819 383 2876 ardenti
397 2837 460 2878 sese
476 2821 589 2880 obtulit.
633 2821 685 2880 Ille
700 2821 823 2878 reducta

151 2918 270 2975 loricam
286 2917 431 2992 clipeique
445 2918 548 2993 ingens
563 2937 638 2977 onus
653 2919 776 2995 impedit
791 2920 891 2992 hasta3

151 3026 213 3073 tum
229 3025 316 3092 caput
330 3016 439 3074 orantis
454 3017 633 3090 nequiquam
648 3028 677 3075 et
693 3019 782 3075 multa
796 3017 922 3093 parantis

152 3113 250 3172 dicere
265 3113 399 3172 deturbat
413 3124 505 3172 terrae
521 3124 716 3189 truncumque
731 3125 879 3191 tepentem

152 3211 324 3286 provolvens
340 3213 513 3288 superhaec
527 3213 646 3271 inimico
662 3223 782 3289 pectore
796 3214 885 3271 fatur:

153 3309 241 3367 ‘Istic
255 3329 342 3383 nunc,
359 3312 526 3384 metuende,
541 3313 613 3371 iace.
657 3313 727 3369 Non
743 3321 770 3368 tc
787 3312 897 3385 optima
912 3321 1003 3368 mater

152 3407 262 3466 condet
277 3410 358 3467 humi
372 3411 526 3486 patrioque
541 3411 674 3470 onerabit
689 3410 820 3468 membra
834 3408 1004 3483 sepulchro:

153 3507 265 3565 alitibus
279 3508 410 3582 linquere
426 3509 491 3567 feris
506 3518 555 3567 aut
569 3510 681 3584 gurgite
698 3527 824 3566 mersum

152 3604 233 3663 unda
246 3607 319 3663 seret
332 3606 488 3681 piscesque
503 3607 620 3681 impasti
634 3608 753 3664 volnera
766 3606 913 3663 lambent!
1160 3604 1203 3658 5⁶0

153 3703 286 3760 Protinus
302 3705 447 3761 Antaeum
461 3714 491 3760 et
507 3704 626 3775 Lucam,
642 3704 735 3779 prima
749 3704 866 3778 agmina
879 3702 978 3771 Turni,

153 3829 185 3862 ⁵⁸⁶
199 3830 285 3876 oranti.
307 3830 334 3876 R.
407 3827 441 3862 ⁶⁸⁹
456 3829 523 3877 albu.
594 3827 625 3862 ⁶⁵⁷
641 3829 690 3876 isti.
710 3829 740 3877 R.
812 3827 847 3861 ⁵⁸⁸
861 3830 937 3875 humo.
953 3829 1010 3873 Eds.
1042 3829 1159 3884 patriove.
1175 3827 1203 3874 C.
