2742 4284
132 309 180 358 111.
192 308 264 375 4z9.]
469 301 667 386 Dangerous
700 299 840 363 Vennin.

131 486 214 544 Hinc
228 495 258 545 et
271 497 371 546 amant
384 487 485 546 fluvios
501 487 601 564 magis,
617 494 646 546 et
661 485 753 563 magis
766 486 857 545 ubera
869 485 1004 557 tendunt,

130 595 160 643 et
174 585 240 643 salis
255 586 403 644 occultum
418 587 544 646 referunt
559 586 589 644 in
603 585 678 643 lacte
693 602 839 660 saporem.

131 683 217 741 Multi
231 683 289 740 iam
304 693 435 742 excretos
450 684 607 759 prohibent
622 701 640 740 a
653 683 794 742 matribus
808 681 930 753 haedos,

129 783 281 857 primaque
297 783 405 840 serratis
419 781 583 858 praefigunt
597 798 648 838 ora
662 779 803 855 capistris.

130 879 221 952 Quod
236 889 371 954 surgente
387 880 436 938 die
450 880 575 938 mulsere
593 879 730 954 horisque
747 877 866 950 diurnis,

128 986 218 1035 nocte
232 988 388 1051 premunt,
410 977 491 1054 quod
506 978 564 1036 iam
579 977 707 1036 tenebris
722 986 752 1034 et
766 977 827 1035 sole
842 975 977 1047 cadente,

127 1075 185 1132 sub
198 1074 296 1133 lucem
310 1086 462 1151 exportant
477 1076 598 1135 calathis
615 1076 676 1134 adit
692 1074 804 1150 oppida
818 1085 937 1150 pastor,

127 1184 179 1231 aut
193 1191 284 1248 parco
298 1175 357 1232 sale
372 1176 545 1251 contingunt
560 1175 709 1249 hiemique
724 1185 880 1249 reponunt.

170 1272 236 1328 Nec
250 1273 303 1330 tibi
319 1291 388 1330 cura
402 1292 508 1331 canum
523 1273 607 1331 suerit
624 1282 782 1348 postrema,
797 1271 924 1330 seduna

126 1370 237 1427 velocis
252 1371 370 1444 Spartae
385 1371 497 1428 catulos
512 1389 668 1446 acremque
688 1371 851 1429 Molossum

126 1485 217 1542 pasce
232 1486 296 1525 sero
311 1468 420 1543 pingui.
463 1469 635 1543 Numquam
650 1467 822 1527 custodibus
836 1468 890 1527 illis

125 1576 304 1623 nocturnum
319 1566 437 1624 stabulis
452 1568 545 1624 furem
560 1566 751 1641 incursusque
767 1566 903 1642 luporum

126 1672 178 1720 aut
192 1663 355 1737 impacatos
369 1683 387 1720 a
401 1674 483 1739 tergo
498 1664 628 1722 horrebis
647 1665 786 1723 Hiberos.

125 1761 222 1835 Saepe
238 1762 326 1818 etiam
340 1780 426 1820 cursu
441 1760 560 1820 timidos
575 1762 696 1838 agitabis
712 1782 850 1838 onagros,

125 1868 156 1915 et
171 1859 293 1917 canibus
306 1860 447 1934 leporem,
463 1859 587 1918 canibus
601 1861 747 1918 venabere
764 1859 919 1934 dammas3

125 1974 215 2031 saepe
231 1957 387 2015 volutabris
401 1957 500 2032 pulsos
517 1958 693 2018 silvestribus
708 1977 795 2034 apros

124 2053 230 2112 latratu
246 2047 372 2112 turbabis
387 2073 485 2130 agens,
502 2056 668 2130 montisque
684 2074 737 2131 per
751 2056 826 2114 altos

123 2151 276 2227 ingentem
290 2153 417 2211 clamore
432 2171 547 2228 premes
562 2153 600 2211 ad
616 2154 688 2212 retia
702 2173 831 2213 cervum.

168 2249 257 2307 Disce
272 2260 302 2308 et
316 2248 470 2309 odoratam
484 2252 602 2311 stabulis
618 2251 782 2310 accendere
798 2251 929 2323 cedrum,

123 2348 327 2424 galbaneoque
342 2349 450 2424 agitare
464 2350 557 2425 gravis
572 2350 676 2409 nidore
693 2350 855 2426 chelydros

124 2447 220 2520 Saepe
236 2447 290 2504 sub
304 2447 432 2504 immotis
447 2449 636 2523 praesepibus
652 2458 702 2506 aut
716 2448 793 2506 mala
806 2457 887 2506 tactu

123 2544 224 2618 vipera
239 2543 352 2602 delituit
366 2545 539 2620 caelumque
555 2547 693 2604 exterrita
707 2547 788 2622 sugit,

124 2650 175 2698 aut
189 2651 269 2698 tecto
283 2641 421 2700 adsuetus
436 2642 557 2701 coluber
571 2644 733 2702 succedere
748 2653 778 2701 et
793 2645 922 2714 umbrae,

123 2740 215 2815 pestis
230 2741 336 2798 acerba
349 2741 449 2811 boum,
467 2743 628 2816 pecorique
643 2760 798 2817 aspergere
813 2743 897 2811 vims,

122 2838 195 2895 fovit
210 2839 339 2895 humum.
383 2839 466 2913 Cape
481 2857 551 2898 saxa
566 2858 664 2910 manu,
680 2857 755 2914 cape
769 2840 883 2911 robora,
900 2845 1008 2914 pastor,

122 2936 334 3011 tollentemque
350 2937 442 2994 minas
457 2947 486 2994 et
501 2938 583 2996 sibila
599 2938 675 2995 colla
690 2947 853 2996 tumentem

123 3033 219 3091 deice.
237 3035 239 3041 ’
263 3035 385 3108 Iamque
401 3035 470 3110 suga
485 3034 621 3093 timidum
637 3045 727 3110 caput
741 3034 856 3093 abdidit
871 3035 937 3105 alte,

122 3151 194 3189 cum
208 3131 299 3190 medii
312 3151 404 3190 nexus
419 3142 628 3209 extremaeque
643 3134 761 3209 agmina
777 3131 889 3190 caudae

122 3230 282 3301 solvuntur,
297 3229 456 3305 tardosque
472 3231 557 3289 trahit
572 3232 652 3290 sinus
667 3231 786 3289 ultimus
800 3231 887 3289 orbis.

124 3328 178 3385 Est
193 3328 280 3386 etiam
296 3329 342 3385 ille
358 3329 450 3386 malus
466 3329 596 3387 Calabris
611 3330 641 3386 in
656 3329 776 3387 saltibus
790 3329 903 3403 anguis

122 3444 265 3501 squamea
279 3427 458 3484 convolvens
473 3426 586 3484 sublato
601 3437 723 3501 pectore
737 3436 819 3502 terga

122 3534 212 3600 atque
227 3525 303 3582 notis
319 3525 437 3599 longam
453 3524 618 3583 maculosus
631 3524 790 3600 grandibus
804 3525 910 3594 alvum,

122 3622 182 3697 qui,
199 3621 271 3680 dum
286 3640 388 3680 amnes
403 3621 452 3680 ulli
466 3630 640 3698 rumpuntur
654 3621 783 3681 fontibus
797 3630 827 3680 et
842 3620 913 3679 dum

122 3738 189 3778 vere
205 3718 328 3778 madent
342 3717 403 3778 udo
419 3729 512 3778 terrae
527 3739 562 3778 ac
578 3720 749 3796 pluvialibus
764 3718 876 3791 austris,

294 3848 327 3882 ⁸⁹⁸
336 3849 415 3896 etiam.
432 3850 460 3896 R.
783 3848 817 3881 ⁴⁰²
827 3853 959 3906 exportares.
976 3851 1004 3894 R.
