<?xml version="1.0" encoding="UTF-8"?>
<!DOCTYPE html PUBLIC "-//W3C//DTD XHTML 1.0 Transitional//EN"
    "http://www.w3.org/TR/xhtml1/DTD/xhtml1-transitional.dtd">
<html xmlns="http://www.w3.org/1999/xhtml" xml:lang="en" lang="en">
 <head>
  <title>
</title>
<meta http-equiv="Content-Type" content="text/html;charset=utf-8" />
  <meta name='ocr-system' content='tesseract 3.04.00' />
  <meta name='ocr-capabilities' content='ocr_page ocr_carea ocr_par ocr_line ocrx_word'/>
</head>
<body>
  <div class='ocr_page' id='page_1' title='image "./greaterpoemsvir03virggoog_0053.png"; bbox 0 0 2742 4284; ppageno 0'>
   <div class='ocr_carea' id='block_1_1' title="bbox 101 315 850 397">
    <p class='ocr_par' dir='ltr' id='par_1_1' title="bbox 101 315 850 397">
     <span class='ocr_line' id='line_1_1' title="bbox 101 315 850 397; baseline 0.005 -23"><span class='ocrx_word' id='word_1_1' title='bbox 101 328 171 376; x_wconf 88' lang='lat' dir='ltr'>v111.</span> <span class='ocrx_word' id='word_1_2' title='bbox 187 326 257 390; x_wconf 86' lang='lat'><strong>725.]</strong></span> <span class='ocrx_word' id='word_1_3' title='bbox 410 315 588 396; x_wconf 80' lang='lat' dir='ltr'>Triumplrs</span> <span class='ocrx_word' id='word_1_4' title='bbox 610 316 651 395; x_wconf 88' lang='lat' dir='ltr'>of</span> <span class='ocrx_word' id='word_1_5' title='bbox 667 315 850 397; x_wconf 82' lang='lat' dir='ltr'>Augustus.</span> 
     </span>
    </p>
   </div>
   <div class='ocr_carea' id='block_1_2' title="bbox 99 500 954 3810">
    <p class='ocr_par' dir='ltr' id='par_1_2' title="bbox 101 500 882 674">
     <span class='ocr_line' id='line_1_2' title="bbox 101 500 882 579; baseline -0.004 -18"><span class='ocrx_word' id='word_1_6' title='bbox 101 501 245 579; x_wconf 84' lang='lat' dir='ltr'>Cycladas</span> <span class='ocrx_word' id='word_1_7' title='bbox 260 511 310 559; x_wconf 88' lang='lat' dir='ltr'>aut</span> <span class='ocrx_word' id='word_1_8' title='bbox 325 501 432 558; x_wconf 90' lang='lat' dir='ltr'>montis</span> <span class='ocrx_word' id='word_1_9' title='bbox 447 517 620 558; x_wconf 86' lang='lat' dir='ltr'>concurrere</span> <span class='ocrx_word' id='word_1_10' title='bbox 636 500 785 559; x_wconf 87' lang='lat' dir='ltr'>montibus</span> <span class='ocrx_word' id='word_1_11' title='bbox 799 502 882 572; x_wconf 88' lang='lat' dir='ltr'>altos,</span> 
     </span>
     <span class='ocr_line' id='line_1_3' title="bbox 101 598 752 674; baseline -0.002 -16"><span class='ocrx_word' id='word_1_12' title='bbox 101 610 180 658; x_wconf 87' lang='lat' dir='ltr'>tanta</span> <span class='ocrx_word' id='word_1_13' title='bbox 194 600 272 657; x_wconf 90' lang='lat' dir='ltr'>mole</span> <span class='ocrx_word' id='word_1_14' title='bbox 286 598 338 656; x_wconf 89' lang='lat' dir='ltr'>viri</span> <span class='ocrx_word' id='word_1_15' title='bbox 353 599 458 656; x_wconf 89' lang='lat' dir='ltr'>turritis</span> <span class='ocrx_word' id='word_1_16' title='bbox 472 599 621 674; x_wconf 86' lang='lat' dir='ltr'>puppibus</span> <span class='ocrx_word' id='word_1_17' title='bbox 635 599 752 657; x_wconf 89' lang='lat' dir='ltr'>instant.</span> 
     </span>
    </p>

    <p class='ocr_par' dir='ltr' id='par_1_3' title="bbox 99 695 954 1456">
     <span class='ocr_line' id='line_1_4' title="bbox 101 695 855 774; baseline -0.004 -17"><span class='ocrx_word' id='word_1_18' title='bbox 101 700 231 774; x_wconf 91' lang='lat' dir='ltr'>Stuppea</span> <span class='ocrx_word' id='word_1_19' title='bbox 245 696 364 754; x_wconf 89' lang='lat' dir='ltr'>flamma</span> <span class='ocrx_word' id='word_1_20' title='bbox 377 714 465 753; x_wconf 91' lang='lat' dir='ltr'>manu</span> <span class='ocrx_word' id='word_1_21' title='bbox 481 695 604 770; x_wconf 89' lang='lat' dir='ltr'>telisque</span> <span class='ocrx_word' id='word_1_22' title='bbox 618 697 734 754; x_wconf 87' lang='lat' dir='ltr'>volatile</span> <span class='ocrx_word' id='word_1_23' title='bbox 748 698 855 755; x_wconf 86' lang='lat' dir='ltr'>ferrum</span> 
     </span>
     <span class='ocr_line' id='line_1_5' title="bbox 101 793 882 872; baseline -0.004 -17"><span class='ocrx_word' id='word_1_24' title='bbox 101 796 251 872; x_wconf 82' lang='lat' dir='ltr'>spargitur,</span> <span class='ocrx_word' id='word_1_25' title='bbox 268 812 335 851; x_wconf 88' lang='lat' dir='ltr'>arva</span> <span class='ocrx_word' id='word_1_26' title='bbox 349 811 426 852; x_wconf 89' lang='lat' dir='ltr'>nova</span> <span class='ocrx_word' id='word_1_27' title='bbox 441 793 592 869; x_wconf 88' lang='lat' dir='ltr'>Neptunia</span> <span class='ocrx_word' id='word_1_28' title='bbox 607 793 701 852; x_wconf 89' lang='lat' dir='ltr'>caede</span> <span class='ocrx_word' id='word_1_29' title='bbox 715 795 882 854; x_wconf 89' lang='lat' dir='ltr'>rubescunt.</span> 
     </span>
     <span class='ocr_line' id='line_1_6' title="bbox 101 891 819 970; baseline -0.004 -17"><span class='ocrx_word' id='word_1_30' title='bbox 101 895 216 970; x_wconf 90' lang='lat' dir='ltr'>Regina</span> <span class='ocrx_word' id='word_1_31' title='bbox 231 893 260 950; x_wconf 92' lang='lat' dir='ltr'>in</span> <span class='ocrx_word' id='word_1_32' title='bbox 277 891 380 950; x_wconf 89' lang='lat' dir='ltr'>mediis</span> <span class='ocrx_word' id='word_1_33' title='bbox 396 891 489 967; x_wconf 87' lang='lat' dir='ltr'>patrio</span> <span class='ocrx_word' id='word_1_34' title='bbox 504 901 590 950; x_wconf 87' lang='lat' dir='ltr'>vocat</span> <span class='ocrx_word' id='word_1_35' title='bbox 604 892 722 967; x_wconf 82' lang='lat' dir='ltr'>agmina</span> <span class='ocrx_word' id='word_1_36' title='bbox 736 892 819 951; x_wconf 89' lang='lat' dir='ltr'>sistro</span> 
     </span>
     <span class='ocr_line' id='line_1_7' title="bbox 100 989 867 1066; baseline -0.001 -15"><span class='ocrx_word' id='word_1_37' title='bbox 100 991 229 1051; x_wconf 89' lang='lat' dir='ltr'>necdum</span> <span class='ocrx_word' id='word_1_38' title='bbox 245 990 333 1048; x_wconf 88' lang='lat' dir='ltr'>etiam</span> <span class='ocrx_word' id='word_1_39' title='bbox 348 989 482 1065; x_wconf 88' lang='lat' dir='ltr'>geminos</span> <span class='ocrx_word' id='word_1_40' title='bbox 496 1008 514 1046; x_wconf 92' lang='lat' dir='ltr'>a</span> <span class='ocrx_word' id='word_1_41' title='bbox 528 998 610 1064; x_wconf 89' lang='lat' dir='ltr'>tergo</span> <span class='ocrx_word' id='word_1_42' title='bbox 624 990 743 1065; x_wconf 88' lang='lat' dir='ltr'>respicit</span> <span class='ocrx_word' id='word_1_43' title='bbox 757 993 867 1066; x_wconf 90' lang='lat' dir='ltr'>anguis.</span> 
     </span>
     <span class='ocr_line' id='line_1_8' title="bbox 101 1071 909 1165; baseline -0.001 -17"><span class='ocrx_word' id='word_1_44' title='bbox 101 1089 361 1165; x_wconf 86' lang='lat' dir='ltr'>Omnigenumque</span> <span class='ocrx_word' id='word_1_45' title='bbox 377 1087 466 1145; x_wconf 90' lang='lat' dir='ltr'>deum</span> <span class='ocrx_word' id='word_1_46' title='bbox 480 1071 611 1145; x_wconf 82' lang='lat' dir='ltr'>monstra</span> <span class='ocrx_word' id='word_1_47' title='bbox 625 1097 654 1145; x_wconf 94' lang='lat' dir='ltr'>et</span> <span class='ocrx_word' id='word_1_48' title='bbox 668 1088 785 1146; x_wconf 89' lang='lat' dir='ltr'>latrator</span> <span class='ocrx_word' id='word_1_49' title='bbox 798 1090 909 1147; x_wconf 90' lang='lat' dir='ltr'>Anubis</span> 
     </span>
     <span class='ocr_line' id='line_1_9' title="bbox 100 1185 954 1262; baseline -0.001 -16"><span class='ocrx_word' id='word_1_50' title='bbox 100 1197 203 1246; x_wconf 85' lang='lat' dir='ltr'>contra</span> <span class='ocrx_word' id='word_1_51' title='bbox 217 1187 393 1261; x_wconf 87' lang='lat' dir='ltr'>Neptunum</span> <span class='ocrx_word' id='word_1_52' title='bbox 407 1195 436 1243; x_wconf 91' lang='lat' dir='ltr'>et</span> <span class='ocrx_word' id='word_1_53' title='bbox 450 1185 600 1242; x_wconf 90' lang='lat' dir='ltr'>Venerem</span> <span class='ocrx_word' id='word_1_54' title='bbox 615 1195 775 1262; x_wconf 88' lang='lat' dir='ltr'>contraque</span> <span class='ocrx_word' id='word_1_55' title='bbox 792 1188 954 1246; x_wconf 88' lang='lat' dir='ltr'>Minervam</span> 
     </span>
     <span class='ocr_line' id='line_1_10' title="bbox 99 1282 890 1343; baseline -0.003 0"><span class='ocrx_word' id='word_1_56' title='bbox 99 1287 156 1343; x_wconf 89' lang='lat' dir='ltr'>tela</span> <span class='ocrx_word' id='word_1_57' title='bbox 171 1293 284 1342; x_wconf 90' lang='lat' dir='ltr'>tenent.</span> <span class='ocrx_word' id='word_1_58' title='bbox 328 1284 423 1342; x_wconf 86' lang='lat' dir='ltr'>Saevit</span> <span class='ocrx_word' id='word_1_59' title='bbox 437 1282 538 1340; x_wconf 90' lang='lat' dir='ltr'>medio</span> <span class='ocrx_word' id='word_1_60' title='bbox 552 1282 582 1340; x_wconf 93' lang='lat' dir='ltr'>in</span> <span class='ocrx_word' id='word_1_61' title='bbox 598 1284 757 1340; x_wconf 84' lang='lat' dir='ltr'>certamine</span> <span class='ocrx_word' id='word_1_62' title='bbox 773 1286 890 1341; x_wconf 91' lang='lat' dir='ltr'>Mavors</span> 
     </span>
     <span class='ocr_line' id='line_1_11' title="bbox 100 1379 785 1456; baseline -0.003 -16"><span class='ocrx_word' id='word_1_63' title='bbox 100 1383 230 1442; x_wconf 89' lang='lat' dir='ltr'>caelatus</span> <span class='ocrx_word' id='word_1_64' title='bbox 245 1382 321 1438; x_wconf 85' lang='lat' dir='ltr'>ferro</span> <span class='ocrx_word' id='word_1_65' title='bbox 336 1381 489 1456; x_wconf 90' lang='lat' dir='ltr'>tristesque</span> <span class='ocrx_word' id='word_1_66' title='bbox 504 1397 541 1438; x_wconf 88' lang='lat' dir='ltr'>ex</span> <span class='ocrx_word' id='word_1_67' title='bbox 554 1379 671 1438; x_wconf 89' lang='lat' dir='ltr'>aethere</span> <span class='ocrx_word' id='word_1_68' title='bbox 688 1381 785 1452; x_wconf 87' lang='lat' dir='ltr'>Dirae,</span> 
     </span>
    </p>

    <p class='ocr_par' dir='ltr' id='par_1_4' title="bbox 99 1477 748 1554">
     <span class='ocr_line' id='line_1_12' title="bbox 99 1477 748 1554; baseline -0.006 -15"><span class='ocrx_word' id='word_1_69' title='bbox 99 1491 128 1539; x_wconf 91' lang='lat' dir='ltr'>et</span> <span class='ocrx_word' id='word_1_70' title='bbox 142 1481 236 1538; x_wconf 87' lang='lat' dir='ltr'>scissa</span> <span class='ocrx_word' id='word_1_71' title='bbox 249 1477 382 1554; x_wconf 89' lang='lat' dir='ltr'>gaudens</span> <span class='ocrx_word' id='word_1_72' title='bbox 396 1477 477 1535; x_wconf 91' lang='lat' dir='ltr'>vadit</span> <span class='ocrx_word' id='word_1_73' title='bbox 493 1477 649 1535; x_wconf 91' lang='lat' dir='ltr'>Discordia</span> <span class='ocrx_word' id='word_1_74' title='bbox 663 1479 748 1554; x_wconf 88' lang='lat' dir='ltr'>palla,</span> 
     </span>
    </p>

    <p class='ocr_par' dir='ltr' id='par_1_5' title="bbox 99 1576 865 1944">
     <span class='ocr_line' id='line_1_13' title="bbox 99 1576 865 1654; baseline -0.001 -17"><span class='ocrx_word' id='word_1_75' title='bbox 99 1597 191 1654; x_wconf 89' lang='lat' dir='ltr'>quam</span> <span class='ocrx_word' id='word_1_76' title='bbox 206 1594 274 1634; x_wconf 92' lang='lat' dir='ltr'>cum</span> <span class='ocrx_word' id='word_1_77' title='bbox 289 1576 450 1650; x_wconf 89' lang='lat' dir='ltr'>sanguineo</span> <span class='ocrx_word' id='word_1_78' title='bbox 465 1576 594 1651; x_wconf 91' lang='lat' dir='ltr'>sequitur</span> <span class='ocrx_word' id='word_1_79' title='bbox 609 1576 730 1634; x_wconf 91' lang='lat' dir='ltr'>Bellona</span> <span class='ocrx_word' id='word_1_80' title='bbox 743 1577 865 1652; x_wconf 89' lang='lat' dir='ltr'>flagello.</span> 
     </span>
     <span class='ocr_line' id='line_1_14' title="bbox 99 1673 820 1750; baseline -0.003 -15"><span class='ocrx_word' id='word_1_81' title='bbox 99 1677 203 1734; x_wconf 90' lang='lat' dir='ltr'>Actius</span> <span class='ocrx_word' id='word_1_82' title='bbox 218 1675 291 1731; x_wconf 90' lang='lat' dir='ltr'>haec</span> <span class='ocrx_word' id='word_1_83' title='bbox 306 1691 429 1731; x_wconf 90' lang='lat' dir='ltr'>cernens</span> <span class='ocrx_word' id='word_1_84' title='bbox 444 1692 543 1731; x_wconf 90' lang='lat' dir='ltr'>arcum</span> <span class='ocrx_word' id='word_1_85' title='bbox 559 1673 700 1733; x_wconf 90' lang='lat' dir='ltr'>tendebat</span> <span class='ocrx_word' id='word_1_86' title='bbox 714 1675 820 1750; x_wconf 90' lang='lat' dir='ltr'>Apollo</span> 
     </span>
     <span class='ocr_line' id='line_1_15' title="bbox 100 1772 845 1848; baseline -0.001 -16"><span class='ocrx_word' id='word_1_87' title='bbox 100 1774 247 1848; x_wconf 90' lang='lat' dir='ltr'>desuper:</span> <span class='ocrx_word' id='word_1_88' title='bbox 271 1772 367 1829; x_wconf 91' lang='lat' dir='ltr'>omnis</span> <span class='ocrx_word' id='word_1_89' title='bbox 383 1790 419 1828; x_wconf 90' lang='lat' dir='ltr'>eo</span> <span class='ocrx_word' id='word_1_90' title='bbox 435 1780 543 1829; x_wconf 88' lang='lat' dir='ltr'>terrore</span> <span class='ocrx_word' id='word_1_91' title='bbox 558 1772 708 1847; x_wconf 87' lang='lat' dir='ltr'>Aegyptus</span> <span class='ocrx_word' id='word_1_92' title='bbox 724 1782 753 1829; x_wconf 93' lang='lat' dir='ltr'>et</span> <span class='ocrx_word' id='word_1_93' title='bbox 768 1772 845 1845; x_wconf 91' lang='lat' dir='ltr'>Indi,</span> 
     </span>
     <span class='ocr_line' id='line_1_16' title="bbox 100 1868 822 1944; baseline -0.003 -14"><span class='ocrx_word' id='word_1_94' title='bbox 100 1871 198 1930; x_wconf 90' lang='lat' dir='ltr'>omnis</span> <span class='ocrx_word' id='word_1_95' title='bbox 214 1870 314 1941; x_wconf 79' lang='lat' dir='ltr'>ArabS,</span> <span class='ocrx_word' id='word_1_96' title='bbox 331 1887 435 1928; x_wconf 91' lang='lat' dir='ltr'>omnes</span> <span class='ocrx_word' id='word_1_97' title='bbox 450 1868 601 1926; x_wconf 89' lang='lat' dir='ltr'>vertebant</span> <span class='ocrx_word' id='word_1_98' title='bbox 615 1879 697 1944; x_wconf 90' lang='lat' dir='ltr'>terga</span> <span class='ocrx_word' id='word_1_99' title='bbox 711 1870 822 1928; x_wconf 89' lang='lat' dir='ltr'>Sabaei.</span> 
     </span>
    </p>

    <p class='ocr_par' dir='ltr' id='par_1_6' title="bbox 100 1967 684 2045">
     <span class='ocr_line' id='line_1_17' title="bbox 100 1967 684 2045; baseline -0.005 -18"><span class='ocrx_word' id='word_1_100' title='bbox 100 1971 171 2045; x_wconf 88' lang='lat' dir='ltr'>Ipsa</span> <span class='ocrx_word' id='word_1_101' title='bbox 185 1967 339 2026; x_wconf 89' lang='lat' dir='ltr'>videbatur</span> <span class='ocrx_word' id='word_1_102' title='bbox 355 1967 447 2024; x_wconf 91' lang='lat' dir='ltr'>ventis</span> <span class='ocrx_word' id='word_1_103' title='bbox 462 1967 561 2041; x_wconf 86' lang='lat' dir='ltr'>regina</span> <span class='ocrx_word' id='word_1_104' title='bbox 576 1968 684 2025; x_wconf 88' lang='lat' dir='ltr'>vocatis</span> 
     </span>
    </p>

    <p class='ocr_par' dir='ltr' id='par_1_7' title="bbox 101 2065 856 2237">
     <span class='ocr_line' id='line_1_18' title="bbox 101 2065 856 2139; baseline -0.003 -14"><span class='ocrx_word' id='word_1_105' title='bbox 101 2068 165 2125; x_wconf 88' lang='lat' dir='ltr'>vela</span> <span class='ocrx_word' id='word_1_106' title='bbox 180 2065 251 2123; x_wconf 90' lang='lat' dir='ltr'>dare</span> <span class='ocrx_word' id='word_1_107' title='bbox 267 2075 297 2122; x_wconf 90' lang='lat' dir='ltr'>et</span> <span class='ocrx_word' id='word_1_108' title='bbox 310 2065 392 2122; x_wconf 87' lang='lat' dir='ltr'>laxos</span> <span class='ocrx_word' id='word_1_109' title='bbox 408 2065 598 2139; x_wconf 88' lang='lat' dir='ltr'>iamiamque</span> <span class='ocrx_word' id='word_1_110' title='bbox 613 2065 757 2123; x_wconf 88' lang='lat' dir='ltr'>inmittere</span> <span class='ocrx_word' id='word_1_111' title='bbox 771 2066 856 2124; x_wconf 78' lang='lat' dir='ltr'>funis.</span> 
     </span>
     <span class='ocr_line' id='line_1_19' title="bbox 101 2162 792 2237; baseline -0.003 -14"><span class='ocrx_word' id='word_1_112' title='bbox 101 2167 188 2224; x_wconf 88' lang='lat' dir='ltr'>Illam</span> <span class='ocrx_word' id='word_1_113' title='bbox 204 2164 278 2221; x_wconf 92' lang='lat' dir='ltr'>inter</span> <span class='ocrx_word' id='word_1_114' title='bbox 293 2162 401 2220; x_wconf 89' lang='lat' dir='ltr'>caedes</span> <span class='ocrx_word' id='word_1_115' title='bbox 416 2163 574 2237; x_wconf 88' lang='lat' dir='ltr'>pallentem</span> <span class='ocrx_word' id='word_1_116' title='bbox 588 2172 682 2220; x_wconf 89' lang='lat' dir='ltr'>morte</span> <span class='ocrx_word' id='word_1_117' title='bbox 697 2164 792 2221; x_wconf 85' lang='lat' dir='ltr'>futura</span> 
     </span>
    </p>

    <p class='ocr_par' dir='ltr' id='par_1_8' title="bbox 100 2259 762 2336">
     <span class='ocr_line' id='line_1_20' title="bbox 100 2259 762 2336; baseline -0.003 -16"><span class='ocrx_word' id='word_1_118' title='bbox 100 2264 212 2320; x_wconf 85' lang='lat' dir='ltr'>fecerat</span> <span class='ocrx_word' id='word_1_119' title='bbox 228 2262 401 2336; x_wconf 86' lang='lat' dir='ltr'>Ignipotens</span> <span class='ocrx_word' id='word_1_120' title='bbox 416 2259 503 2317; x_wconf 93' lang='lat' dir='ltr'>undis</span> <span class='ocrx_word' id='word_1_121' title='bbox 518 2268 547 2317; x_wconf 95' lang='lat' dir='ltr'>et</span> <span class='ocrx_word' id='word_1_122' title='bbox 562 2261 672 2336; x_wconf 86' lang='lat' dir='ltr'>Iapyge</span> <span class='ocrx_word' id='word_1_123' title='bbox 686 2261 762 2333; x_wconf 85' lang='lat' dir='ltr'>ferri,</span> 
     </span>
    </p>

    <p class='ocr_par' dir='ltr' id='par_1_9' title="bbox 100 2361 941 3204">
     <span class='ocr_line' id='line_1_21' title="bbox 101 2361 894 2434; baseline 0.001 -16"><span class='ocrx_word' id='word_1_124' title='bbox 101 2371 207 2420; x_wconf 88' lang='lat' dir='ltr'>contra</span> <span class='ocrx_word' id='word_1_125' title='bbox 221 2368 318 2416; x_wconf 90' lang='lat' dir='ltr'>autem</span> <span class='ocrx_word' id='word_1_126' title='bbox 336 2376 444 2434; x_wconf 87' lang='lat' dir='ltr'>magno</span> <span class='ocrx_word' id='word_1_127' title='bbox 459 2367 639 2416; x_wconf 89' lang='lat' dir='ltr'>maerentem</span> <span class='ocrx_word' id='word_1_128' title='bbox 655 2376 779 2434; x_wconf 88' lang='lat' dir='ltr'>corpore</span> <span class='ocrx_word' id='word_1_129' title='bbox 795 2361 894 2419; x_wconf 92' lang='lat' dir='ltr'>Nilum</span> 
     </span>
     <span class='ocr_line' id='line_1_22' title="bbox 101 2456 824 2534; baseline -0.003 -17"><span class='ocrx_word' id='word_1_130' title='bbox 101 2458 344 2534; x_wconf 88' lang='lat' dir='ltr'>pandentemque</span> <span class='ocrx_word' id='word_1_131' title='bbox 359 2456 438 2513; x_wconf 92' lang='lat' dir='ltr'>sinus</span> <span class='ocrx_word' id='word_1_132' title='bbox 455 2465 484 2512; x_wconf 90' lang='lat' dir='ltr'>et</span> <span class='ocrx_word' id='word_1_133' title='bbox 499 2464 561 2513; x_wconf 90' lang='lat' dir='ltr'>tota</span> <span class='ocrx_word' id='word_1_134' title='bbox 574 2466 654 2514; x_wconf 90' lang='lat' dir='ltr'>veste</span> <span class='ocrx_word' id='word_1_135' title='bbox 669 2467 824 2515; x_wconf 86' lang='lat' dir='ltr'>vocantem</span> 
     </span>
     <span class='ocr_line' id='line_1_23' title="bbox 101 2554 941 2629; baseline -0.002 -13"><span class='ocrx_word' id='word_1_136' title='bbox 101 2555 271 2615; x_wconf 89' lang='lat' dir='ltr'>caeruleum</span> <span class='ocrx_word' id='word_1_137' title='bbox 287 2555 316 2612; x_wconf 91' lang='lat' dir='ltr'>in</span> <span class='ocrx_word' id='word_1_138' title='bbox 331 2554 474 2629; x_wconf 89' lang='lat' dir='ltr'>gremium</span> <span class='ocrx_word' id='word_1_139' title='bbox 490 2554 691 2629; x_wconf 88' lang='lat' dir='ltr'>latebrosaque</span> <span class='ocrx_word' id='word_1_140' title='bbox 707 2555 826 2613; x_wconf 89' lang='lat' dir='ltr'>flumina</span> <span class='ocrx_word' id='word_1_141' title='bbox 840 2558 941 2614; x_wconf 79' lang='lat' dir='ltr'>victos</span> 
     </span>
     <span class='ocr_line' id='line_1_24' title="bbox 101 2652 855 2728; baseline -0.003 -14"><span class='ocrx_word' id='word_1_142' title='bbox 101 2658 139 2713; x_wconf 88' lang='lat' dir='ltr'>At</span> <span class='ocrx_word' id='word_1_143' title='bbox 156 2655 275 2724; x_wconf 89' lang='lat' dir='ltr'>Caesar,</span> <span class='ocrx_word' id='word_1_144' title='bbox 290 2652 394 2728; x_wconf 88' lang='lat' dir='ltr'>triplici</span> <span class='ocrx_word' id='word_1_145' title='bbox 411 2653 542 2709; x_wconf 91' lang='lat' dir='ltr'>invectus</span> <span class='ocrx_word' id='word_1_146' title='bbox 557 2652 694 2710; x_wconf 89' lang='lat' dir='ltr'>Romana</span> <span class='ocrx_word' id='word_1_147' title='bbox 707 2654 855 2728; x_wconf 88' lang='lat' dir='ltr'>triumpho</span> 
     </span>
     <span class='ocr_line' id='line_1_25' title="bbox 101 2749 829 2823; baseline -0.001 -12"><span class='ocrx_word' id='word_1_148' title='bbox 101 2752 232 2822; x_wconf 87' lang='lat' dir='ltr'>moenia,</span> <span class='ocrx_word' id='word_1_149' title='bbox 247 2749 293 2808; x_wconf 93' lang='lat' dir='ltr'>dis</span> <span class='ocrx_word' id='word_1_150' title='bbox 308 2751 388 2808; x_wconf 88' lang='lat' dir='ltr'>Italis</span> <span class='ocrx_word' id='word_1_151' title='bbox 404 2759 505 2807; x_wconf 89' lang='lat' dir='ltr'>votum</span> <span class='ocrx_word' id='word_1_152' title='bbox 521 2751 672 2808; x_wconf 87' lang='lat' dir='ltr'>inmortale</span> <span class='ocrx_word' id='word_1_153' title='bbox 688 2753 829 2823; x_wconf 87' lang='lat' dir='ltr'>sacrabat,</span> 
     </span>
     <span class='ocr_line' id='line_1_26' title="bbox 100 2847 857 2925; baseline 0.001 -17"><span class='ocrx_word' id='word_1_154' title='bbox 100 2867 242 2908; x_wconf 85' lang='lat' dir='ltr'>maxuma</span> <span class='ocrx_word' id='word_1_155' title='bbox 256 2857 420 2906; x_wconf 90' lang='lat' dir='ltr'>tercentum</span> <span class='ocrx_word' id='word_1_156' title='bbox 435 2856 527 2904; x_wconf 90' lang='lat' dir='ltr'>totam</span> <span class='ocrx_word' id='word_1_157' title='bbox 543 2847 664 2907; x_wconf 90' lang='lat' dir='ltr'>delubra</span> <span class='ocrx_word' id='word_1_158' title='bbox 678 2867 732 2925; x_wconf 91' lang='lat' dir='ltr'>per</span> <span class='ocrx_word' id='word_1_159' title='bbox 745 2851 857 2909; x_wconf 90' lang='lat' dir='ltr'>urbem.</span> 
     </span>
     <span class='ocr_line' id='line_1_27' title="bbox 102 2946 833 3021; baseline -0.003 -13"><span class='ocrx_word' id='word_1_160' title='bbox 102 2949 231 3008; x_wconf 85' lang='lat' dir='ltr'>Laetitia</span> <span class='ocrx_word' id='word_1_161' title='bbox 244 2947 378 3021; x_wconf 91' lang='lat' dir='ltr'>ludisque</span> <span class='ocrx_word' id='word_1_162' title='bbox 394 2947 456 3004; x_wconf 88' lang='lat' dir='ltr'>viae</span> <span class='ocrx_word' id='word_1_163' title='bbox 474 2946 636 3021; x_wconf 88' lang='lat' dir='ltr'>plausuque</span> <span class='ocrx_word' id='word_1_164' title='bbox 652 2948 833 3021; x_wconf 80' lang='lat' dir='ltr'>fremebant3</span> 
     </span>
     <span class='ocr_line' id='line_1_28' title="bbox 101 3045 939 3122; baseline 0.001 -16"><span class='ocrx_word' id='word_1_165' title='bbox 101 3046 241 3106; x_wconf 91' lang='lat' dir='ltr'>omnibus</span> <span class='ocrx_word' id='word_1_166' title='bbox 256 3045 286 3102; x_wconf 92' lang='lat' dir='ltr'>in</span> <span class='ocrx_word' id='word_1_167' title='bbox 301 3045 417 3120; x_wconf 91' lang='lat' dir='ltr'>templis</span> <span class='ocrx_word' id='word_1_168' title='bbox 433 3053 557 3102; x_wconf 86' lang='lat' dir='ltr'>matrum</span> <span class='ocrx_word' id='word_1_169' title='bbox 572 3045 687 3115; x_wconf 88' lang='lat' dir='ltr'>chorus,</span> <span class='ocrx_word' id='word_1_170' title='bbox 704 3048 838 3105; x_wconf 89' lang='lat' dir='ltr'>omnibus</span> <span class='ocrx_word' id='word_1_171' title='bbox 853 3067 939 3122; x_wconf 72' lang='lat' dir='ltr'>arae,</span> 
     </span>
     <span class='ocr_line' id='line_1_29' title="bbox 100 3143 744 3204; baseline -0.002 -2"><span class='ocrx_word' id='word_1_172' title='bbox 100 3155 171 3204; x_wconf 91' lang='lat' dir='ltr'>ante</span> <span class='ocrx_word' id='word_1_173' title='bbox 188 3162 252 3201; x_wconf 87' lang='lat' dir='ltr'>aras</span> <span class='ocrx_word' id='word_1_174' title='bbox 266 3153 371 3201; x_wconf 88' lang='lat' dir='ltr'>terram</span> <span class='ocrx_word' id='word_1_175' title='bbox 387 3144 465 3200; x_wconf 91' lang='lat' dir='ltr'>caesi</span> <span class='ocrx_word' id='word_1_176' title='bbox 480 3151 605 3200; x_wconf 84' lang='lat' dir='ltr'>stravere</span> <span class='ocrx_word' id='word_1_177' title='bbox 619 3143 744 3201; x_wconf 89' lang='lat' dir='ltr'>iuvenci.</span> 
     </span>
    </p>

    <p class='ocr_par' dir='ltr' id='par_1_10' title="bbox 102 3241 833 3318">
     <span class='ocr_line' id='line_1_30' title="bbox 102 3241 833 3318; baseline 0.001 -17"><span class='ocrx_word' id='word_1_178' title='bbox 102 3245 185 3318; x_wconf 90' lang='lat' dir='ltr'>Ipse,</span> <span class='ocrx_word' id='word_1_179' title='bbox 202 3241 309 3300; x_wconf 91' lang='lat' dir='ltr'>sedens</span> <span class='ocrx_word' id='word_1_180' title='bbox 324 3242 411 3298; x_wconf 90' lang='lat' dir='ltr'>niveo</span> <span class='ocrx_word' id='word_1_181' title='bbox 429 3241 582 3299; x_wconf 88' lang='lat' dir='ltr'>candentis</span> <span class='ocrx_word' id='word_1_182' title='bbox 596 3242 695 3299; x_wconf 90' lang='lat' dir='ltr'>limine</span> <span class='ocrx_word' id='word_1_183' title='bbox 712 3243 833 3314; x_wconf 89' lang='lat' dir='ltr'>Phoebi,</span> 
     </span>
    </p>

    <p class='ocr_par' dir='ltr' id='par_1_11' title="bbox 99 3341 949 3810">
     <span class='ocr_line' id='line_1_31' title="bbox 101 3341 879 3417; baseline 0.001 -18"><span class='ocrx_word' id='word_1_184' title='bbox 101 3341 187 3400; x_wconf 87' lang='lat' dir='ltr'>dona</span> <span class='ocrx_word' id='word_1_185' title='bbox 200 3341 388 3416; x_wconf 87' lang='lat' dir='ltr'>recognoscit</span> <span class='ocrx_word' id='word_1_186' title='bbox 404 3341 579 3416; x_wconf 88' lang='lat' dir='ltr'>populorum</span> <span class='ocrx_word' id='word_1_187' title='bbox 595 3349 733 3415; x_wconf 89' lang='lat' dir='ltr'>aptatque</span> <span class='ocrx_word' id='word_1_188' title='bbox 748 3343 879 3417; x_wconf 91' lang='lat' dir='ltr'>superbis</span> 
     </span>
     <span class='ocr_line' id='line_1_32' title="bbox 100 3438 882 3516; baseline 0.001 -18"><span class='ocrx_word' id='word_1_189' title='bbox 100 3441 260 3515; x_wconf 88' lang='lat' dir='ltr'>postibus;</span> <span class='ocrx_word' id='word_1_190' title='bbox 282 3438 425 3498; x_wconf 89' lang='lat' dir='ltr'>incedunt</span> <span class='ocrx_word' id='word_1_191' title='bbox 438 3439 532 3497; x_wconf 86' lang='lat' dir='ltr'>victae</span> <span class='ocrx_word' id='word_1_192' title='bbox 549 3441 638 3516; x_wconf 90' lang='lat' dir='ltr'>longo</span> <span class='ocrx_word' id='word_1_193' title='bbox 654 3439 757 3498; x_wconf 91' lang='lat' dir='ltr'>ordine</span> <span class='ocrx_word' id='word_1_194' title='bbox 772 3452 882 3516; x_wconf 88' lang='lat' dir='ltr'>gentes,</span> 
     </span>
     <span class='ocr_line' id='line_1_33' title="bbox 99 3537 878 3614; baseline 0 -18"><span class='ocrx_word' id='word_1_195' title='bbox 99 3557 195 3614; x_wconf 87' lang='lat' dir='ltr'>quam</span> <span class='ocrx_word' id='word_1_196' title='bbox 209 3537 304 3595; x_wconf 89' lang='lat' dir='ltr'>variae</span> <span class='ocrx_word' id='word_1_197' title='bbox 319 3537 433 3612; x_wconf 67' lang='lat' dir='ltr'>lingon,</span> <span class='ocrx_word' id='word_1_198' title='bbox 449 3537 549 3596; x_wconf 87' lang='lat' dir='ltr'>habitu</span> <span class='ocrx_word' id='word_1_199' title='bbox 565 3550 625 3597; x_wconf 88' lang='lat' dir='ltr'>tam</span> <span class='ocrx_word' id='word_1_200' title='bbox 639 3541 725 3597; x_wconf 90' lang='lat' dir='ltr'>vestis</span> <span class='ocrx_word' id='word_1_201' title='bbox 741 3549 770 3596; x_wconf 91' lang='lat' dir='ltr'>et</span> <span class='ocrx_word' id='word_1_202' title='bbox 784 3542 878 3597; x_wconf 89' lang='lat' dir='ltr'>armis.</span> 
     </span>
     <span class='ocr_line' id='line_1_34' title="bbox 100 3634 949 3709; baseline 0.002 -16"><span class='ocrx_word' id='word_1_203' title='bbox 100 3636 168 3693; x_wconf 88' lang='lat' dir='ltr'>Hic</span> <span class='ocrx_word' id='word_1_204' title='bbox 183 3634 355 3692; x_wconf 85' lang='lat' dir='ltr'>Nomadum</span> <span class='ocrx_word' id='word_1_205' title='bbox 370 3651 462 3709; x_wconf 89' lang='lat' dir='ltr'>genus</span> <span class='ocrx_word' id='word_1_206' title='bbox 477 3647 505 3692; x_wconf 93' lang='lat' dir='ltr'>et</span> <span class='ocrx_word' id='word_1_207' title='bbox 521 3636 680 3695; x_wconf 89' lang='lat' dir='ltr'>discinctos</span> <span class='ocrx_word' id='word_1_208' title='bbox 697 3638 841 3696; x_wconf 89' lang='lat' dir='ltr'>Mulciber</span> <span class='ocrx_word' id='word_1_209' title='bbox 855 3637 949 3708; x_wconf 85' lang='lat' dir='ltr'>Afros,</span> 
     </span>
     <span class='ocr_line' id='line_1_35' title="bbox 100 3731 849 3810; baseline 0.004 -19"><span class='ocrx_word' id='word_1_210' title='bbox 100 3733 154 3791; x_wconf 90' lang='lat' dir='ltr'>hic</span> <span class='ocrx_word' id='word_1_211' title='bbox 170 3731 292 3806; x_wconf 88' lang='lat' dir='ltr'>Lelegas</span> <span class='ocrx_word' id='word_1_212' title='bbox 307 3733 455 3806; x_wconf 84' lang='lat' dir='ltr'>Carasque</span> <span class='ocrx_word' id='word_1_213' title='bbox 471 3734 701 3810; x_wconf 85' lang='lat' dir='ltr'>sagittiferosque</span> <span class='ocrx_word' id='word_1_214' title='bbox 718 3736 849 3794; x_wconf 89' lang='lat' dir='ltr'>Gelonos</span> 
     </span>
    </p>
   </div>
   <div class='ocr_carea' id='block_1_3' title="bbox 511 3863 750 3910">
    <p class='ocr_par' dir='ltr' id='par_1_12' title="bbox 511 3863 750 3910">
     <span class='ocr_line' id='line_1_36' title="bbox 511 3863 750 3910; baseline 0.008 -2"><span class='ocrx_word' id='word_1_215' title='bbox 511 3863 543 3896; x_wconf 76' lang='lat'>⁷⁰⁴</span> <span class='ocrx_word' id='word_1_216' title='bbox 559 3865 698 3910; x_wconf 81' lang='lat' dir='ltr'>intendebat.</span> <span class='ocrx_word' id='word_1_217' title='bbox 719 3865 750 3910; x_wconf 87' lang='lat' dir='ltr'>H.</span> 
     </span>
    </p>
   </div>
   <div class='ocr_carea' id='block_1_4' title="bbox 0 0 1376 4284">
    <p class='ocr_par' dir='ltr' id='par_1_13' title="bbox 0 0 1376 4284">
     <span class='ocr_line' id='line_1_37' title="bbox 0 0 1376 4284; baseline 0 0"><span class='ocrx_word' id='word_1_218' title='bbox 0 0 1376 4284; x_wconf 95' lang='lat' dir='ltr'> </span> 
     </span>
    </p>
   </div>
  </div>
 </body>
</html>
