2742 4284
151 316 186 365 11.
200 315 270 381 ²59]
510 304 590 371 Care
614 306 649 368 in
673 305 844 387 Planting.

192 494 280 550 Nunc
295 511 354 567 quo
370 510 517 569 quamque
532 491 623 551 modo
638 493 732 568 possis
747 509 926 568 cognoscere
941 492 1048 551 dicam.

151 592 229 648 Rara
243 591 278 648 sit
292 609 329 648 an
344 608 430 666 supra
445 609 557 648 morem
572 591 595 648 si
610 589 703 648 densa
717 591 855 665 requires,

150 691 239 747 altera
251 690 400 747 frumentis
415 690 554 764 quoniam
569 689 653 760 favet,
668 689 758 746 altera
772 689 901 760 Baccho,

150 789 242 848 densa
258 787 348 862 magis
365 787 474 858 Cereri,
490 787 632 845 rarissima
648 804 784 862 quaeque
799 788 906 864 Lyaeo,

149 897 217 946 ante
232 887 331 945 locum
347 887 445 960 capies
460 885 552 943 oculis
567 885 683 960 alteque
699 885 813 944 iubebis

149 986 179 1044 in
194 985 289 1044 solido
304 995 426 1060 puteum
440 983 555 1042 demitti
571 1000 751 1058 omnemque
765 1000 891 1058 repones

147 1103 244 1142 rursus
259 1084 381 1141 humum
396 1093 425 1140 et
440 1081 564 1158 pedibus
579 1100 707 1140 summas
721 1081 860 1156 aequabis
874 1099 986 1138 arenas.

148 1183 179 1241 Si
193 1181 326 1253 deerunt,
341 1200 435 1240 rarum
450 1181 610 1256 pecorique
625 1190 655 1239 et
669 1180 775 1237 vitibus
789 1179 872 1236 almis

148 1281 244 1356 aptius
258 1280 331 1338 uber
345 1281 417 1351 erit;
439 1280 484 1338 sin
498 1280 528 1336 in
543 1297 595 1336 sua
609 1296 698 1354 posse
712 1277 862 1353 negabunt

148 1380 188 1437 ire
203 1380 270 1437 loca
283 1390 312 1436 et
327 1379 478 1437 scrobibus
493 1378 641 1453 superabit
657 1387 733 1434 terra
746 1375 873 1450 repletis,

148 1477 257 1552 spissus
272 1495 357 1552 ager:
381 1477 480 1551 glebas
496 1476 661 1534 cunctantis
676 1491 830 1548 crassaque
845 1483 927 1548 terga

148 1585 287 1651 exspecta
301 1583 330 1632 et
344 1572 445 1632 validis
460 1584 566 1632 terram
581 1572 741 1649 proscinde
755 1571 895 1629 iuvencis.

148 1673 227 1732 Salsa
242 1682 339 1730 autem
353 1673 437 1730 tellus
453 1683 482 1730 et
496 1689 571 1746 quae
586 1671 756 1746 perhibetur
769 1688 876 1741 amara,

147 1771 275 1846 frugibus
291 1770 397 1842 infelix,
413 1788 448 1828 ea
462 1787 518 1827 nec
533 1769 712 1827 mansuescit
725 1767 845 1839 arando,

147 1886 205 1925 nec
220 1868 338 1926 Baccho
353 1885 445 1943 genus
459 1876 509 1926 aut
523 1867 619 1942 pomis
633 1881 686 1924 sua
700 1866 820 1924 nomina
834 1875 936 1936 servat,

146 1966 204 2023 tale
220 1965 484 2041 dabitspecimen:
508 1975 539 2022 tu
554 1966 647 2040 spisso
662 1965 769 2021 vimine
784 1963 886 2038 qualos

147 2064 272 2138 colaque
286 2065 432 2140 prelorum
446 2064 567 2121 fumosis
582 2062 683 2137 deripe
699 2063 783 2120 tectis
795 2083 803 2133 3

147 2162 205 2220 huc
220 2181 289 2237 ager
303 2163 348 2220 ille
364 2163 455 2220 malus
471 2161 630 2235 dulcesque
645 2179 662 2217 a
676 2160 805 2218 fontibus
819 2157 917 2217 undae

147 2260 186 2317 ad
200 2261 318 2335 plenum
335 2261 501 2317 calcentur:
526 2278 602 2333 aqua
616 2258 790 2316 eluctabitur
804 2257 900 2314 omnis

146 2358 258 2416 scilicet
272 2367 301 2416 et
315 2357 440 2433 grandes
455 2358 538 2415 ibunt
553 2375 605 2432 per
619 2357 729 2414 vimina
743 2365 861 2430 guttae;

146 2464 176 2513 at
189 2472 277 2529 sapor
291 2454 433 2512 indicium
447 2455 534 2510 faciet
549 2453 729 2523 manifestus,
745 2462 774 2508 et
789 2470 841 2510 ora

145 2552 237 2610 tristia
250 2562 445 2627 temptantum
460 2569 546 2609 sensu
561 2550 709 2625 torquebit
723 2567 845 2606 amaror.

147 2650 263 2725 Pinguis
277 2650 348 2708 item
363 2668 438 2725 quae
453 2650 489 2707 sit
504 2649 597 2719 tellus,
613 2649 670 2705 hoc
685 2647 815 2721 denique
831 2657 919 2722 pacto

145 2747 302 2806 discimus:
326 2747 396 2805 haut
410 2765 550 2822 umquam
565 2747 700 2804 manibus
715 2747 820 2803 iactata
834 2745 948 2814 fatiscit,

145 2846 198 2905 sed
213 2847 286 2922 picis
301 2847 330 2904 in
345 2864 458 2904 morem
473 2845 512 2904 ad
526 2846 632 2920 digitos
647 2846 782 2902 lentescit
796 2842 943 2901 habendo.

144 2944 255 3004 Umida
268 2945 385 3002 maioris
400 2945 505 3002 herbas
520 2944 577 3015 alit,
593 2944 714 3018 ipsaque
729 2942 805 2999 iusto

144 3042 253 3100 laetior.
297 3042 342 3100 Ah
357 3042 480 3099 nimium
494 3059 531 3098 ne
547 3041 582 3098 sit
597 3041 665 3097 mihi
681 3040 780 3097 fertilis
795 3040 843 3096 illa

144 3157 200 3197 nec
215 3158 245 3196 se
261 3129 457 3214 praevalidam
472 3139 572 3213 primis
586 3137 723 3196 ostendat
738 3137 848 3208 aristis!

145 3237 228 3310 Quae
244 3237 336 3311 gravis
351 3245 396 3294 est
410 3237 474 3311 ipso
489 3236 607 3293 tacitam
622 3253 653 3292 se
669 3234 801 3310 pondere
816 3233 923 3308 prodit,

144 3353 278 3410 quaeque
294 3335 372 3392 levis.
416 3336 586 3408 Promptum
603 3344 647 3391 est
660 3333 753 3391 oculis
768 3331 952 3407 praediscere
969 3331 1088 3406 nigram,

143 3441 172 3488 et
186 3432 316 3506 quisquis
332 3432 421 3489 color.
465 3434 502 3488 At
516 3432 689 3488 sceleratum
705 3431 854 3505 exquirere
870 3430 959 3504 frigus

143 3528 306 3586 difficilest:
330 3529 432 3604 piceae
447 3539 559 3587 tantum
575 3530 693 3603 taxique
707 3537 850 3585 nocentes

142 3625 289 3684 interdum
303 3635 353 3683 aut
368 3626 494 3683 hederae
510 3626 642 3702 pandunt
656 3626 778 3700 vestigia
792 3626 899 3700 nigrae.

184 3723 241 3781 His
256 3723 334 3781 anim
351 3723 477 3782 adversis
492 3734 596 3782 terram
612 3724 704 3781 multo
720 3734 787 3780 ante
802 3732 953 3780 memento

228 3852 262 3884 ²⁶⁸
273 3859 324 3898 neu!
355 3853 411 3898 Eds.
492 3852 645 3911 ²⁶⁰quiscui.
661 3853 718 3898 Eds.
803 3853 940 3896 &animum
951 3851 1063 3895 adversis.
1081 3851 1108 3894 R.
