2742 4284
172 317 289 376 xum]
455 302 588 363 Armes
611 300 763 363 Pursucs
788 298 939 364 Camilla.
1167 316 1224 382 125

173 490 229 547 hac
243 491 352 546 Arruns
367 487 443 546 subit
457 497 488 544 et
500 487 606 544 tacitus
620 486 743 561 vestigia
755 486 874 558 lustrat,

173 605 231 662 qua
244 586 348 644 victrix
360 583 437 643 redit
450 584 498 642 illa
511 583 682 660 pedemque
697 602 734 641 ex
748 585 834 643 hoste
847 594 984 659 reportat,

173 685 229 741 hac
243 684 354 741 iuvenis
369 683 467 740 furtim
481 682 583 740 celeris
598 681 755 757 detorquet
770 682 908 740 habenas.

174 783 240 840 Hos
255 781 351 839 aditus
365 782 482 856 iamque
497 780 551 838 hos
565 780 661 838 aditus
675 799 855 855 omnemque
869 790 996 856 pererrat

172 879 302 955 undique
318 880 470 936 circuitum
485 891 515 935 et
529 889 639 936 certam
654 879 747 954 quatit
761 878 910 953 improbus
925 879 1046 936 hastam.

173 979 261 1036 Forte
276 996 358 1035 sacer
373 977 485 1051 Cybelo
500 976 642 1035 Chloreus
657 977 787 1050 olimque
801 975 939 1034 sacerdos

172 1076 291 1152 insignis
307 1075 393 1150 longe
411 1075 541 1150 Phrygiis
556 1072 684 1148 fulgebat
700 1075 830 1132 inarmis

171 1183 420 1249 spumantemque
435 1172 563 1248 agitabat
577 1190 695 1246 equum,
711 1190 801 1246 quem
816 1173 899 1248 pellis
913 1173 994 1231 ainis

171 1272 201 1328 iu
216 1271 345 1346 plumam
360 1271 489 1345 squamis
503 1289 574 1326 auro
589 1281 724 1326 conserta
737 1270 863 1344 tegebat.

174 1370 251 1444 Ipse,
267 1369 419 1443 peregrina
433 1368 576 1442 ferrugine
592 1368 684 1424 clarus
700 1378 729 1424 et
744 1377 832 1439 ostro,

172 1466 284 1541 spicula
298 1465 453 1540 torquebat
469 1466 559 1539 Lycio
574 1467 717 1541 Gortynia
730 1484 823 1522 comu
834 1487 850 1542 ;Ι

172 1583 276 1622 aureus
291 1583 328 1620 ex
342 1565 448 1621 umeris
463 1573 523 1620 erat
538 1581 621 1620 arcus
637 1574 665 1621 et
680 1582 768 1620 aurea
782 1565 839 1620 vati

173 1660 306 1732 cassida;
329 1671 391 1719 tum
407 1679 543 1718 croceam
558 1661 805 1737 chlamydemque
819 1663 957 1736 sinusque
973 1661 1118 1736 crepantis

172 1760 328 1817 carbaseos
342 1759 420 1816 fulvo
435 1760 465 1816 in
479 1759 592 1817 nodum
606 1759 763 1834 collegerat
777 1779 847 1816 auro

172 1859 268 1934 pictus
282 1876 337 1914 acu
353 1858 466 1914 tunicas
481 1867 511 1913 et
524 1857 646 1914 barbara
660 1857 790 1931 tegmina
803 1875 929 1914 crurum.

175 1956 265 2012 Hunc
279 1955 369 2030 virgo,
386 1955 445 2012 sive
461 1965 491 2011 ut
505 1955 621 2029 templis
636 1955 807 2029 praefigeret
820 1973 902 2012 arma

172 2054 271 2124 Troia,
287 2054 404 2128 captivo
418 2053 477 2110 sive
492 2064 525 2111 ut
539 2071 570 2110 se
586 2053 671 2110 ferret
686 2054 716 2110 in
730 2071 801 2110 auro

172 2151 310 2222 venatrix,
325 2170 416 2208 unum
431 2170 467 2207 ex
481 2152 563 2208 omni
578 2152 737 2208 certamine
751 2169 869 2226 pugnae

113 2276 117 2282 ·
173 2267 262 2305 caeca
278 2249 454 2322 sequebatur
467 2259 619 2323 totumque
634 2249 751 2306 incauta
765 2267 818 2324 per
831 2267 937 2324 agmen

174 2347 300 2404 femineo
316 2345 442 2421 praedae
458 2356 487 2403 et
501 2346 661 2422 spoliorum
676 2346 799 2404 ardebat
812 2365 923 2417 amore,

175 2444 264 2502 telum
279 2463 315 2502 ex
330 2444 440 2502 insidiis
456 2463 524 2501 cum
539 2443 661 2500 tandem
675 2454 808 2519 tempore
822 2456 910 2518 capto

174 2543 302 2600 concitat
316 2552 345 2599 et
360 2561 479 2617 superos
496 2546 604 2599 Arruns
619 2543 662 2600 sic
676 2561 751 2600 voce
765 2553 918 2617 precatur:

175 2641 310 2698 ‘Summe
326 2639 424 2712 deum,
440 2641 532 2697 sancti
548 2651 646 2698 custos
662 2640 787 2698 Soractis
803 2641 918 2714 Apollo,

174 2757 261 2812 quem
277 2739 362 2812 primi
377 2737 507 2808 colimus,
524 2738 571 2794 cui
585 2739 691 2812 pineus
705 2737 791 2794 ardor
804 2756 909 2796 acervo

173 2837 300 2911 pascitur
314 2845 343 2892 et
357 2835 487 2893 medium
501 2835 565 2892 freti
580 2836 689 2909 pietate
705 2853 758 2910 per
772 2836 869 2910 ignem

174 2934 300 2990 cultores
315 2933 405 2991 multa
419 2934 577 3008 premimus
592 2935 713 3009 vestigia
726 2952 828 3008 pruna,

173 3031 221 3102 da,
237 3041 327 3107 pater,
343 3032 400 3088 hoc
416 3033 520 3089 nostris
535 3031 644 3089 aboleri
659 3031 793 3088 dedecus
808 3033 902 3103 armis,

173 3130 369 3205 omnipotens.
414 3132 482 3188 Non
498 3130 616 3187 exuvias
630 3131 768 3205 pulsaeve
783 3139 936 3206 tropaeum

173 3227 289 3302 virginis
304 3236 353 3283 aut
368 3228 459 3302 spolia
473 3229 531 3284 ulla
545 3237 615 3302 peto
634 3227 721 3304 (mihi
737 3233 835 3286 cetera
848 3229 964 3287 laudem

173 3325 250 3382 sacta
263 3325 370 3400 serent)
388 3347 393 3381 :
418 3325 490 3382 haec
506 3325 567 3382 dira
583 3345 650 3383 meo
666 3326 738 3384 dum
752 3327 870 3384 vulnere
885 3328 974 3401 pestis

173 3422 256 3497 pulsa
270 3421 365 3492 cadat,
381 3424 487 3498 patrias
501 3424 641 3482 remeabo
656 3425 795 3499 inglorius
809 3423 914 3482 urbes!

174 3518 274 3577 Audiit
288 3530 317 3576 et
332 3521 390 3577 voti
406 3521 542 3578 Phoebus
557 3521 717 3580 succedere
732 3531 845 3596 partem

174 3626 272 3674 mente
287 3616 379 3690 dedit,
394 3629 506 3693 partem
521 3620 646 3676 volucris
661 3618 796 3693 dispersit
811 3620 840 3675 in
855 3637 955 3676 auras:

174 3713 314 3772 ‘sterneret
328 3724 360 3772 ut
374 3715 469 3774 subita
483 3716 627 3774 turbatam
642 3725 736 3773 morte
752 3714 914 3787 Camillam,
1016 3728 1021 3734 ’

400 3845 432 3878 ⁷⁶⁸
446 3845 548 3903 Cybelae.
563 3848 620 3894 Eds.
852 3846 887 3881 ⁷⁰⁰
896 3849 958 3906 quoi.
974 3849 1002 3894 K
