2742 4284
122 319 279 384 vl11.247.]
345 311 410 373 The
433 311 610 375 Monster's
632 314 708 376 Den
731 315 836 378 Burst
861 318 957 400 Open.

120 495 398 570 Amphitryoniades
412 506 543 555 armenta
557 499 727 575 abitumque
741 514 864 577 pararet,

120 592 252 651 discessu
267 594 378 670 mugire
393 595 484 653 boves
497 607 585 671 atque
601 616 690 655 omne
704 601 837 674 querellis

119 691 235 766 impleri
250 710 354 750 nemus
369 702 398 750 et
413 693 504 752 colles
518 695 646 754 clamore
662 698 794 773 relinqui.

93 810 99 820 ·
120 788 265 848 Reddidit
279 809 338 848 una
352 790 442 849 boum
456 811 561 850 vocem
575 804 715 870 vastoque
731 797 785 854 sub
799 808 883 855 antro

119 889 223 963 mugiit
238 899 267 946 et
282 889 353 947 Caci
368 908 452 964 spem
468 890 616 948 custodita
630 891 738 951 fefellit.

121 988 181 1045 Hic
196 1005 267 1045 vero
283 986 405 1045 Alcidae
419 988 498 1046 funis
513 1001 656 1047 exarserat
670 1002 734 1049 atro

118 1085 185 1142 felle
200 1085 303 1143 dolor:
327 1086 401 1161 rapit
416 1104 496 1144 arma
509 1105 597 1145 manu
613 1088 757 1164 nodisque
772 1104 921 1165 gravatum

118 1183 207 1241 robur
222 1193 252 1240 et
266 1183 336 1242 aerii
351 1203 436 1242 cursu
447 1185 521 1259 petit
535 1185 626 1243 ardua
641 1188 756 1245 montis.

117 1283 196 1339 Tum
211 1282 338 1356 primum
352 1283 442 1340 nostri
458 1282 571 1341 Cacum
586 1283 685 1341 videre
700 1285 852 1343 timentem

118 1380 326 1453 turbatumque
342 1380 453 1438 oculis:
477 1380 548 1455 fugit
563 1381 641 1438 ilicet
654 1383 737 1439 ocior
751 1401 820 1441 euro

86 1519 91 1528 .
119 1477 352 1552 speluncamque
367 1478 449 1553 petit,
465 1477 590 1552 pedibus
605 1479 692 1536 timor
705 1480 820 1538 addidit
834 1482 902 1540 alas.

118 1575 161 1634 Ut
171 1593 237 1632 sese
252 1576 367 1633 inclusit
380 1575 530 1650 ruptisque
545 1577 673 1635 immane
689 1579 799 1636 catenis

119 1672 228 1731 deiecit
243 1691 353 1744 saxum,
370 1673 445 1730 ferro
460 1673 541 1747 quod
556 1683 586 1730 et
599 1685 660 1732 arte
674 1687 796 1750 paterna

118 1769 278 1847 pendebat,
293 1771 438 1845 fultosque
454 1772 575 1828 emuniit
590 1771 675 1830 obice
691 1774 790 1848 postis,

118 1887 191 1926 ecce
207 1869 304 1926 furens
319 1869 424 1925 animis
437 1867 539 1925 aderat
552 1870 720 1944 Tirynthius
734 1890 912 1947 omnemque

117 1984 272 2024 accessum
287 1966 409 2023 lustrans
423 1965 481 2022 huc
496 1984 548 2023 ora
562 1967 672 2025 serebat
686 1978 716 2025 et
730 1969 806 2039 illuc,

117 2063 256 2122 dentibus
271 2063 448 2122 infrendens.
492 2065 551 2121 Ter
564 2075 657 2123 totum
673 2065 799 2124 fervidus
813 2069 856 2125 ira

116 2163 218 2221 lustrat
234 2162 371 2220 Aventini
387 2173 528 2233 montem,
543 2171 587 2220 ter
601 2182 689 2221 saxea
703 2174 826 2239 temptat

116 2260 218 2317 limina
231 2260 420 2335 nequiquam,
435 2271 479 2318 ter
493 2261 584 2320 sessus
599 2262 671 2319 valle
686 2261 801 2319 resedit.

116 2357 218 2415 Stabat
234 2367 320 2415 acuta
333 2358 414 2430 silex,
430 2359 568 2434 praecisis
584 2358 714 2434 undique
729 2361 804 2417 saxis

115 2455 279 2530 speluncae
294 2454 382 2513 dorso
397 2456 556 2531 insurgens,
572 2456 712 2514 altissima
725 2458 797 2528 visu,

115 2552 245 2610 dirarum
260 2551 336 2610 nidis
351 2551 457 2611 domus
477 2564 643 2628 opportuna
658 2556 818 2615 volucrum.

116 2653 217 2721 Hanc,
233 2659 264 2708 ut
278 2669 371 2725 prona
386 2652 453 2726 iugo
468 2652 582 2709 laevum
598 2653 786 2712 incumbebat
800 2655 830 2712 in
845 2674 973 2727 amnem,

115 2748 220 2806 dexter
234 2749 263 2805 in
278 2748 434 2806 adversum
449 2749 543 2806 nitens
558 2751 707 2807 concussit
721 2762 750 2808 et
765 2751 830 2810 imis

115 2847 245 2904 avolsam
261 2847 344 2905 solvit
358 2847 524 2919 radicibus;
546 2847 615 2905 inde
631 2859 751 2922 repente

114 2944 229 3020 inpulit,
245 2943 360 3019 inpulsu
376 2963 436 3019 quo
451 2947 595 3003 maximus
611 2947 724 3003 intonat
737 2949 845 3019 aether,

115 3043 271 3101 dissultant
284 3045 363 3119 ripae
379 3043 531 3118 refluitque
546 3044 697 3102 exterritus
711 3045 813 3103 amnis.

114 3143 154 3198 At
168 3160 275 3216 specus
290 3153 319 3199 et
334 3142 406 3201 Caci
421 3142 540 3200 detecta
554 3142 689 3216 apparuit
704 3143 806 3218 ingens

114 3240 204 3316 regia,
220 3249 249 3299 et
264 3241 419 3299 umbrosae
434 3243 549 3317 penitus
565 3251 683 3316 patuere
699 3260 859 3299 cavernae:

114 3357 176 3397 non
192 3357 277 3397 secus
292 3358 327 3397 ac
342 3340 425 3415 siqua
439 3341 555 3415 penitus
570 3341 597 3397 vi
613 3351 689 3397 terra
704 3339 858 3398 dehiscens

113 3437 243 3494 infernas
256 3447 364 3495 reseret
378 3437 463 3496 sedes
478 3449 506 3496 et
521 3457 609 3513 regna
623 3421 756 3496 recludat

113 3533 233 3609 pallida,
249 3533 294 3592 dis
308 3535 407 3605 invisa,
423 3553 568 3610 superque
584 3537 712 3594 immane
727 3537 893 3594 barathrum
1131 3553 1172 3596 245

114 3642 260 3704 cernatur,
275 3631 422 3706 trepident
437 3633 557 3691 inmisso
572 3634 681 3692 lumine
698 3654 807 3692 manes.
858 3659 863 3669 ·

115 3731 196 3804 Ergo
212 3730 357 3804 insperata
371 3729 548 3804 deprensum
563 3731 629 3789 luce
645 3743 766 3808 repente

154 3846 187 3880 ²¹⁷
205 3848 291 3894 bovam.
308 3849 337 3894 R.
381 3847 415 3880 ²²1
432 3849 539 3894 aetherii.
556 3851 588 3895 H.
633 3851 667 3882 ²32
682 3853 846 3909 nequidquam.
864 3854 896 3898 H.
940 3853 974 3886 ²⁴⁷
991 3855 1083 3899 inluce.
1101 3855 1132 3899 H.
