2742 4284
165 285 225 346 144
391 265 544 343 juturna
568 265 675 345 Kceps
706 264 837 326 Turnus
858 264 966 344 Aloof

161 453 252 528 Nigra
266 454 344 510 velut
358 470 478 528 magnas
493 451 605 511 domini
620 431 689 510 curri
704 451 804 509 divitis·
814 450 903 509 aedes

159 551 289 626 pervolat
303 561 333 609 et
348 551 452 625 pennis
466 551 523 608 alta
536 551 608 607 atria
622 551 722 607 lustrat
737 548 870 621 hirund0,

158 649 265 724 pabula
279 668 367 724 parva
382 649 482 724 legens
497 647 632 722 nidisque
646 648 818 722 loquacibus
832 666 924 718 escas,

158 757 187 806 et
201 765 280 806 nunc
296 746 454 824 porticibus
468 747 576 817 vacuis,
593 764 672 803 nunc
686 744 787 802 umida
802 746 913 803 circum

158 855 261 921 stagna
274 854 375 903 sonat:
399 844 499 901 similis
514 843 629 901 medios
645 844 767 901 Iuturna
780 861 832 918 per
846 842 937 900 hostis

157 943 247 1001 fertur
261 943 344 1018 equis
358 941 519 1017 rapidoque
534 942 633 998 volans
648 940 711 998 obit
724 941 824 998 omnia
838 959 922 998 curru

157 1041 274 1115 iamque
290 1039 337 1097 hic
351 1057 522 1113 germanum
538 1040 655 1113 iamque
670 1040 719 1096 hic
734 1049 863 1097 ostentat
876 1048 1013 1097 ovantem

157 1156 213 1195 nec
229 1137 360 1195 conferre
376 1155 495 1194 manum
511 1137 626 1210 patitur,
642 1137 720 1195 volat
734 1137 908 1212 avialonge.

159 1234 249 1292 Haud
264 1235 359 1292 minus
375 1236 489 1291 Aeneas
504 1244 596 1291 tortos
611 1234 681 1309 legit
696 1235 798 1292 obvius
813 1235 898 1293 orbes

156 1332 335 1408 vestigatque
351 1333 445 1389 virum
459 1341 488 1390 et
503 1330 625 1389 disiecta
639 1350 694 1407 per
709 1333 826 1407 agmina
839 1351 946 1407 magna

156 1449 228 1489 voce
244 1441 337 1490 vocat.
382 1431 527 1504 Quotiens
542 1430 644 1488 oculos
659 1431 786 1489 coniecit
800 1432 830 1489 in
845 1431 960 1487 hostem

156 1528 364 1604 alipedumque
379 1530 476 1604 fugam
491 1546 576 1585 cursu
590 1529 743 1603 temptavit
758 1547 909 1604 equorum,

155 1645 271 1684 aversos
286 1628 392 1685 totiens
408 1645 506 1684 currus
522 1628 642 1684 Iuturna
657 1628 779 1684 retorsit.

157 1726 227 1783 Heu
241 1725 312 1800 quid
327 1727 415 1800 agat?
454 1725 543 1781 Vario
557 1725 737 1798 nequiquam
751 1724 871 1782 fluctuat
885 1735 975 1795 aestu,

156 1823 344 1897 diversaeque
359 1831 467 1880 vocant
481 1822 610 1879 animum
625 1822 655 1879 in
671 1823 815 1880 contraria
829 1841 924 1880 curae.

156 1921 236 1978 Huic
252 1923 415 1994 Messapus,
431 1921 473 1977 uti
487 1920 569 1977 laeva
583 1919 643 1977 duo
658 1921 733 1977 forte
748 1921 867 1996 gerebat

154 2018 233 2076 lenta
247 2017 316 2075 levis
332 2036 417 2075 cursu
432 2017 559 2092 praefixa
574 2017 686 2075 hastilia
700 2019 784 2088 serm,

154 2115 259 2173 horum
275 2133 365 2172 unum
380 2125 461 2173 certo
477 2125 674 2190 contorquens
689 2114 785 2190 dirigit
799 2117 868 2173 ictu.

155 2212 285 2270 Substitit
299 2215 414 2270 Aeneas
430 2223 459 2270 et
474 2231 504 2270 se
519 2213 635 2287 collegit
649 2213 678 2270 in
694 2232 783 2282 arma,

154 2310 265 2385 poplite
281 2309 434 2368 subsidens
446 2331 453 2382 3
475 2311 591 2385 apicem
606 2321 706 2368 tamen
719 2311 809 2368 incita
823 2330 969 2369 summum

154 2409 237 2466 hasta
251 2409 315 2466 tulit
329 2427 516 2483 summasque
532 2409 657 2466 excussit
673 2409 782 2466 vertice
798 2411 905 2467 cristas.

153 2509 230 2564 Tum
245 2525 314 2564 vero
328 2506 488 2582 adsurgunt
501 2507 560 2564 irae
572 2528 580 2578 ;
604 2505 773 2581 insidiisque
788 2507 934 2577 subactus,

154 2604 284 2662 diversos
300 2604 349 2662 ubi
364 2606 453 2662 sensit
468 2622 561 2680 equos
575 2622 751 2679 currumque
765 2604 872 2674 referri,

154 2703 244 2760 multa
259 2705 360 2760 Iovem
376 2713 405 2759 et
419 2703 489 2760 laesi
503 2712 624 2760 testatus
639 2700 765 2760 foederis
780 2721 843 2760 aras

154 2801 211 2858 iam
227 2800 346 2858 tandem
362 2799 472 2857 invadit
487 2799 600 2859 medios
616 2810 645 2858 et
660 2801 756 2858 Marte
770 2800 903 2858 secundo
985 2803 987 2808 ’

153 2898 287 2956 terribilis
302 2916 418 2955 saevam
433 2897 512 2955 nullo
527 2896 695 2955 discrimine
711 2896 835 2955 caedem

152 2996 271 3053 suscitat
286 2996 450 3069 irarumque
470 2995 564 3053 omnis
580 2994 703 3052 effundit
717 2995 854 3054 habenas.

193 3092 267 3166 Quis
282 3093 352 3151 mibi
368 3111 445 3150 nunc
461 3102 504 3150 tot
519 3092 625 3150 acerba
640 3091 723 3164 deus,
739 3093 803 3167 quis
817 3095 946 3152 carmine
962 3095 1069 3153 caedes

152 3190 279 3248 diversas
294 3191 465 3264 obitumque
482 3190 601 3264 ducum,
617 3208 692 3266 quos
707 3207 834 3265 aequore
849 3200 912 3249 toto

151 3289 240 3364 inque
255 3289 350 3346 vicem
364 3306 443 3347 nunc
457 3291 572 3347 Turnus
586 3289 654 3364 agit,
670 3307 750 3347 nunc
765 3291 870 3347 Troius
884 3290 980 3361 heros,

151 3386 309 3462 expediat?
348 3390 466 3448 Tanton
480 3391 591 3465 placuit
607 3408 782 3448 concurrere
797 3400 888 3460 motu,

153 3489 291 3562 Iuppiter,
307 3498 425 3548 aeterna
439 3491 534 3565 gentis
549 3491 579 3548 in
593 3507 667 3566 pace
682 3491 812 3549 futuras?

150 3588 265 3644 Aeneas
280 3586 422 3644 Rutulum
437 3587 608 3660 Sucronem,
625 3606 661 3647 ea
674 3587 768 3664 prima
782 3587 891 3646 ruentis

151 3701 249 3759 pugna
264 3684 331 3742 loco
346 3685 445 3744 statuit
460 3685 600 3758 Teucros,
615 3684 696 3744 haud
711 3686 801 3744 multa
814 3695 979 3744 morantem

583 3814 614 3848 ιω
631 3815 726 3873 arna.
743 3815 770 3860 a

1091 275 1210 336 [AEurnn.
