2742 4284
162 317 236 365 VIII.
254 313 319 379 nr]
429 304 494 366 The
518 303 655 385 Trcy'ans
678 303 769 363 Meet
789 301 956 364 Evander.
1178 319 1220 383 29

162 493 298 565 corniger
312 489 500 565 hesperidum
516 487 617 545 fluvius
632 497 768 561 regnator
782 505 931 560 aquarum.

163 588 251 646 Adsis
266 607 285 645 o
301 597 414 644 tantum
429 596 459 643 et
473 586 592 660 propius
608 594 658 642 tua
672 584 793 641 numina
806 583 923 640 firmes'

162 689 210 746 Sic
225 695 370 744 memorat
383 685 573 760 geminasque
589 683 658 757 legit
672 681 711 738 de
728 682 819 739 classe
834 681 952 739 biremis

162 784 344 859 remigioque
359 792 448 857 aptat,
463 781 560 839 socios
574 780 658 837 simul
674 780 787 837 instruit
800 780 896 836 armis.

205 883 285 939 Ecce
300 891 398 939 autern
413 880 541 938 subitum
555 889 642 954 atque
658 878 751 935 oculis
767 877 897 935 mirabile
913 887 1076 936 monstrum
1089 898 1095 947 ;

162 979 292 1038 candida
307 997 359 1054 per
373 979 474 1036 silvam
490 995 557 1035 cum
573 977 631 1033 fetu
648 977 789 1033 concolor
800 976 869 1048 albo

162 1078 319 1154 procubuit
334 1075 474 1151 viridique
490 1077 519 1132 in
535 1076 616 1132 litore
633 1074 811 1149 conspicitur
826 1092 884 1130 sus.

163 1176 261 1250 Quam
277 1176 342 1249 pius
358 1177 471 1231 Aeneas
486 1173 538 1230 tibi
553 1173 641 1242 enim,
656 1173 718 1241 tibi,
735 1189 871 1228 maxuma
888 1172 970 1240 lunc,

162 1283 272 1331 mactat
286 1290 368 1328 sacra
383 1273 477 1328 serens
492 1281 520 1328 et
536 1289 603 1327 curn
619 1287 706 1344 grege
722 1270 795 1326 sistit
809 1266 848 1326 ad
862 1286 950 1326 aram.

161 1370 286 1445 Thybris
302 1387 337 1426 ea
351 1369 479 1438 fluvium,
495 1386 585 1444 quam
600 1368 688 1442 longa
702 1377 754 1436 est,
770 1375 859 1424 nocte
873 1377 1037 1424 tumentem

161 1469 252 1538 leniit,
267 1476 297 1525 et
312 1467 399 1524 tacita
414 1466 538 1523 refluens
553 1466 593 1523 ita
607 1465 733 1522 substitit
747 1462 836 1533 unda,

161 1567 240 1644 mitis
256 1576 286 1622 ut
300 1565 330 1622 in
346 1583 457 1621 morem
472 1564 566 1638 stagni
582 1562 776 1638 placidaeque
793 1560 906 1636 paludis

161 1673 304 1722 sterneret
318 1680 428 1736 aequor
442 1662 533 1737 aquis,
549 1679 631 1717 remo
646 1670 677 1716 ut
692 1660 841 1717 luctamen
856 1660 980 1717 abesset.

162 1763 242 1836 Ergo
257 1761 310 1818 iter
325 1761 475 1834 inceptum
490 1759 619 1816 celerant
632 1776 748 1815 rumore
762 1755 914 1828 secundo;

160 1861 266 1918 labitur
280 1869 369 1916 uncta
383 1856 464 1915 vadis
479 1857 577 1928 abies;
601 1857 740 1913 mirantur
753 1866 783 1913 et
797 1854 905 1926 undae,

160 1959 281 2015 miratur
295 1974 398 2014 nemus
413 1956 557 2012 insuetum
573 1955 713 2029 fulgentia
727 1955 813 2028 longe

160 2067 243 2114 scuta
256 2056 349 2112 virum
364 2053 451 2138 fluvio
466 2053 617 2139 pictasque
633 2053 733 2110 innare
749 2052 870 2110 carinas.

160 2155 219 2214 Olli
234 2154 355 2230 remigio
370 2163 547 2227 noctemque
563 2151 703 2226 diemque
719 2151 839 2227 fatigant

159 2264 190 2310 et
205 2253 309 2327 longos
323 2261 460 2327 superant
476 2251 566 2308 llexus
581 2252 723 2325 variisque
739 2260 876 2325 teguntur
959 2272 963 2279 ⁴

159 2351 312 2409 arboribus
325 2348 483 2424 viridisque
499 2359 600 2406 secant
615 2349 733 2423 placido
748 2359 876 2423 aequore
892 2348 984 2404 silvas.

159 2451 208 2509 Sol
224 2447 355 2507 medium
370 2448 443 2506 caeli
458 2447 672 2506 conscenderat
688 2449 790 2522 igneus
805 2447 917 2514 orbem,

159 2567 229 2605 curn
245 2566 343 2605 muros
357 2564 514 2620 arcemque
531 2546 683 2620 proculae
699 2564 762 2602 rara
777 2544 932 2602 domorum

158 2656 238 2703 tecta
252 2645 453 2718 vident-quae
469 2661 546 2700 nunc
563 2645 699 2701 Romana
714 2643 846 2717 potentia
860 2641 944 2699 caelo

158 2744 303 2819 aequavit,
319 2754 381 2800 tum
400 2759 445 2799 res
462 2743 565 2816 inopes
581 2741 736 2798 Euandrus
752 2741 896 2799 babebat:

158 2842 242 2900 ocius
257 2841 410 2898 advertunt
424 2857 524 2914 proras
539 2839 661 2914 urbique
676 2839 884 2914 propinquant.

201 2941 287 2996 Forte
302 2939 351 2996 die
366 2940 537 2996 sollemnem
553 2938 602 2995 illo
616 2956 666 2994 rex
682 2940 771 2994 Arcas
787 2938 930 2994 honorem

158 3036 437 3113 Amphitryoniadae
454 3054 561 3111 magno
577 3035 711 3110 divisque
727 3035 837 3092 ferebat

156 3144 225 3193 ante
240 3117 342 3194 urbem
358 3137 386 3192 in
402 3136 478 3192 luco.
522 3135 614 3191 Pallas
629 3133 698 3190 huic
712 3133 787 3190 filius
802 3151 869 3199 una,

156 3252 215 3291 una
230 3251 334 3290 omnes
349 3233 486 3290 iuvenum
501 3231 586 3306 primi
601 3248 772 3306 pauperque
787 3243 904 3287 senatus

155 3341 220 3389 tura
234 3331 353 3400 dabant,
368 3328 544 3404 tepidusque
559 3347 644 3386 cruor
658 3328 788 3386 fumabat
802 3327 839 3383 ad
856 3345 928 3384 aras.

156 3431 198 3489 Ut
213 3429 305 3486 celsas
321 3427 418 3485 videre
433 3436 508 3484 rates
523 3439 610 3502 atque
626 3428 701 3483 inter
714 3443 843 3500 opacum

155 3527 253 3584 adlabi
269 3543 372 3582 nemus
387 3535 415 3582 et
430 3525 523 3582 tacitis
539 3524 710 3581 incumbere
724 3524 821 3592 remis,

155 3635 299 3682 terrentur
311 3624 373 3681 visu
388 3623 484 3681 subito
499 3623 656 3698 cunctique
672 3623 778 3679 relictis

155 3729 335 3796 consurgunt
350 3721 466 3778 mensis.
510 3719 616 3778 Audax
631 3738 706 3794 quos
721 3737 855 3793 rumpere
872 3717 964 3775 Pallas

155 3839 238 3878 sacra
252 3829 330 3876 vetat
344 3829 486 3893 raptoque
501 3818 578 3875 volat
593 3817 651 3874 telo
667 3816 769 3874 obvius
785 3818 847 3890 ipse
