2742 4284
53 261 57 270 ¹
161 305 207 348 xx
219 300 279 360 aaa]
508 285 588 367 Opis
615 286 714 366 Slays
736 285 878 350 Armns.

162 475 243 531 Tum
258 491 327 530 vero
341 472 502 529 immensus
517 488 637 546 surgens
651 471 717 530 ferit
730 487 820 530 aurea
833 471 944 529 clamor

164 569 278 629 sidera:
302 568 419 627 deiecta
434 566 580 626 crudescit
594 585 694 642 pugna
708 567 839 639 Camilla,

163 669 315 725 incurrunt
329 666 414 724 densi
429 666 514 723 simul
528 666 623 722 omnis
638 665 726 740 copia
739 666 887 723 Teucrum

164 765 366 840 Tyrrhenique
382 764 473 821 duces
490 762 676 837 Evandrique
691 762 821 820 Arcades
836 764 907 821 alae.

207 864 246 920 At
259 862 373 919 Triviae
388 871 486 919 custos
501 858 673 918 iamdudum
690 861 720 917 in
734 862 882 919 montibus
897 862 971 936 Opis

164 962 224 1019 alta
238 959 323 1018 sedet
336 960 456 1017 summis
471 968 643 1034 spectatque
658 959 787 1016 interrita
800 977 922 1034 pugnas.

165 1061 267 1133 thue
283 1057 385 1132 procul
400 1056 499 1114 medio
515 1057 653 1113 iuvenum
667 1056 699 1114 in
714 1057 841 1115 clamore
855 1056 1003 1114 furentum

165 1157 317 1232 prospexit
331 1155 402 1212 tristi
418 1155 568 1212 multatam
583 1163 677 1211 morte
693 1154 856 1225 Camillam,

166 1254 367 1330 ingemuitque
383 1252 523 1327 deditque
538 1251 590 1309 has
604 1252 664 1309 imo
679 1262 800 1327 pectore
814 1270 921 1310 voces:

167 1353 258 1409 ‘Heu
273 1351 406 1422 nimium,
421 1351 511 1425 virgo,
527 1350 650 1406 nimium
664 1349 783 1407 cmdele
798 1350 876 1408 luisti

168 1449 353 1524 supplicium,
368 1449 500 1505 Teucros
516 1457 622 1505 conata
636 1448 777 1506 lacessere
792 1448 871 1506 bello
883 1451 890 1506 l

168 1549 236 1604 Nec
250 1546 301 1604 tibi
318 1546 450 1603 desertae
466 1545 496 1602 in
511 1544 607 1602 dumis
622 1546 748 1603 coluisse
764 1546 893 1604 Dianam

167 1645 275 1720 profuit
289 1652 339 1701 aut
353 1654 466 1701 nostras
481 1661 583 1700 umero
597 1643 720 1718 gessisse
735 1644 862 1718 sagittas.

169 1743 239 1800 Nou
254 1751 352 1798 tamen
367 1739 539 1798 indecorem
553 1750 605 1799 tua
617 1750 647 1798 te
660 1741 763 1816 regina
776 1741 891 1816 reliquit

168 1850 300 1898 extrema
313 1857 372 1896 iam
387 1838 417 1896 in
432 1848 534 1909 morte,
550 1855 647 1912 neque
662 1838 720 1896 hoc
735 1839 797 1896 sine
813 1840 933 1896 nomine
946 1839 1038 1897 letum

169 1956 222 2013 per
235 1937 330 2012 gentis
345 1937 398 1994 erit
412 1946 462 1994 aut
476 1936 584 1993 famam
599 1937 717 2012 patieris
731 1937 849 1994 inultae.

170 2037 249 2092 Nam
265 2035 442 2110 quicumque
458 2044 541 2091 tuum
555 2034 672 2091 violavit
685 2035 804 2092 vulnere
819 2053 935 2110 corpus,

170 2143 263 2191 morte
277 2133 337 2190 luet
352 2132 474 2189 merita!
518 2132 584 2190 Fuit
597 2133 701 2207 ingens
716 2142 816 2190 monte
831 2133 886 2190 sub
899 2132 959 2189 alto

169 2232 244 2306 regis
260 2230 410 2288 Dercenni
424 2240 539 2287 terreno
555 2249 591 2287 ex
606 2249 711 2306 aggere
726 2232 842 2288 bustum

82 2321 85 2324 ¹
170 2329 282 2404 antiqui
297 2329 448 2386 Laurentis
462 2346 614 2403 opacaque
630 2329 696 2385 ilice
711 2337 839 2386 tectum:

171 2427 219 2484 hic
234 2426 291 2483 dea
305 2444 336 2483 se
351 2426 477 2500 primum
492 2424 597 2500 rapido
611 2426 806 2501 pulcherrima
820 2427 885 2484 nisu

171 2525 243 2582 sistit
258 2534 287 2581 et
302 2526 457 2581 Arruntem
472 2525 584 2581 tumulo
599 2524 765 2598 speculatur
778 2524 817 2581 ab
830 2524 897 2582 alto.

171 2624 213 2682 Ut
226 2621 297 2680 vidit
312 2622 469 2679 laetantem
483 2622 587 2679 animis
601 2641 636 2678 ac
651 2641 727 2679 vana
741 2631 912 2692 tumentem,

172 2721 269 2792 ‘Cur‚’
285 2720 387 2794 inquit,
404 2719 553 2777 ‘diversus
568 2719 651 2779 abis?
694 2720 764 2777 Huc
780 2719 871 2795 dirige
885 2738 1025 2795 gressum,

172 2819 230 2876 huc
244 2819 369 2893 periture
383 2818 459 2888 veni,
476 2818 574 2893 capias
590 2828 622 2876 ut
637 2817 726 2893 digna
741 2813 881 2876 Camillae

172 2917 308 2992 praemia.
351 2916 435 2973 Tune
451 2916 539 2973 etiam
553 2916 618 2973 telis
633 2917 756 2973 moriere
773 2916 885 2973 Dianae
895 2917 922 2973 ?’

172 3014 253 3085 dixit,
269 3024 299 3072 et
313 3023 412 3071 aurata
425 3014 573 3072 volucrem
589 3013 726 3071 Threissa
740 3013 872 3088 sagittam

172 3112 356 3188 deprompsit
370 3111 506 3186 pharetra
521 3129 672 3186 cornuque
688 3111 801 3168 infensa
813 3111 939 3169 tetendit

172 3222 201 3269 et
215 3209 298 3268 duxit
312 3211 409 3284 longe,
426 3209 523 3267 donec
538 3219 658 3268 curvata
672 3211 785 3267 coirent

172 3300 246 3366 inter
260 3327 291 3366 se
307 3308 403 3382 capita
417 3317 448 3364 et
462 3308 595 3365 manibus
610 3308 669 3365 iam
683 3317 815 3383 tangeret
830 3307 940 3383 aequis,

171 3407 253 3463 laeva
267 3406 362 3462 aciem
377 3404 451 3476 ferri,
466 3404 568 3463 dextra
581 3423 731 3481 nervoque
745 3405 893 3481 papillam.

173 3504 330 3579 Extemplo
344 3504 394 3562 teli
408 3502 561 3562 stridorem
575 3521 718 3579 aurasque
733 3504 863 3562 sonantis

171 3600 263 3658 audiit
277 3620 335 3658 una
349 3603 466 3672 Arruns
482 3600 632 3676 haesitque
647 3600 677 3658 in
689 3620 812 3677 corpore
827 3602 943 3659 ferrum.

173 3698 258 3756 Illum
273 3698 468 3774 exspirantem
482 3698 555 3756 socii
569 3708 657 3774 atque
673 3709 802 3756 extrema
816 3708 984 3774 gementem

402 3827 435 3861 ⁸⁸⁹
444 3829 577 3875 mulcatum.
589 3830 616 3874 R.
818 3828 852 3861 ⁸⁶⁸
862 3829 951 3887 derige.
968 3829 996 3874 R.
