2742 4284
163 285 222 362 164
339 283 448 347 Times
466 285 506 367 of
515 284 729 370 Plouglting:
753 286 792 349 K
791 287 866 350 inds
881 287 922 369 of
933 287 1013 352 soil.
1054 299 1209 362 [omicron.

197 471 273 527 Vere
289 488 366 527 novo
380 468 493 545 gelidus
508 471 589 529 canis
604 489 672 529 cum
687 471 834 530 montibus
849 489 935 530 urnor

156 567 274 641 liquitur
288 578 317 624 et
331 567 464 644 Zephyro
477 569 567 643 putris
583 587 614 626 se
628 569 714 644 gleba
728 569 855 640 resolvit,

157 663 297 740 depresso
312 665 432 740 incipiat
446 666 503 723 iarn
517 674 579 724 tum
594 665 665 724 mihi
679 675 776 725 taurus
791 676 885 724 aratro

156 757 313 837 i'ngemere,
329 773 358 820 et
372 763 454 821 sulco
469 764 581 822 attritus
596 764 802 839 splendescere
817 782 925 823 vomer.

157 859 209 917 Illa
224 877 307 936 seges
323 860 442 919 demum
457 862 530 918 votis
546 862 707 938 respondet
720 862 798 920 avari

156 958 310 1033 agricolae,
326 959 369 1016 bis
384 977 460 1033 quae
476 959 578 1031 solem,
595 961 639 1018 bis
655 961 758 1035 frigora
772 960 883 1033 sensit,

156 1056 228 1113 illius
244 1056 404 1114 immensae
419 1067 558 1132 ruperunt
572 1057 675 1115 horrea
689 1076 808 1116 messes.

156 1157 194 1212 At
207 1155 286 1230 prius
301 1155 432 1231 ignotum
448 1156 523 1214 ferro
538 1174 626 1231 quarn
641 1156 802 1215 scindimus
818 1176 936 1233 aequor,

154 1261 259 1311 ventos
274 1262 304 1310 et
318 1253 428 1310 varium
443 1254 517 1312 caeli
531 1253 716 1330 praediscere
732 1273 845 1314 morem

155 1369 225 1409 cura
238 1349 274 1407 sit
288 1368 324 1407 ac
339 1350 446 1425 patrios
462 1351 614 1426 cultusque
631 1352 805 1428 habitusque
820 1354 961 1424 locorum,

154 1457 184 1505 et
199 1444 271 1522 quid
285 1465 421 1523 quaeque
436 1449 508 1506 ferat
523 1449 603 1524 regio
618 1459 647 1507 et
663 1449 735 1526 quid
749 1469 884 1527 quaeque
898 1462 1022 1511 recuset.

156 1546 216 1604 Hic
231 1556 354 1620 segetes,
370 1546 426 1603 illic
441 1547 561 1605 veniunt
576 1547 687 1606 felicius
703 1567 785 1620 uvae,

155 1645 267 1702 arborei
282 1644 355 1702 fetus
370 1645 439 1702 alibi
452 1655 539 1720 atque
556 1645 663 1703 iniussa
678 1646 823 1704 virescunt

154 1744 293 1819 gramina.
338 1743 446 1802 Nonne
461 1743 544 1801 vides
559 1761 681 1802 croceos
696 1755 728 1802 ut
741 1744 863 1803 Tmolus
877 1744 993 1816 odores,

156 1841 242 1900 India
256 1841 342 1898 mittit
357 1843 436 1913 ebur,
453 1841 555 1899 molles
571 1859 623 1900 sua
637 1852 701 1900 tura
715 1843 827 1914 Sabaei,

155 1953 184 2000 at
199 1941 345 2016 Chalybes
360 1940 431 1998 nudi
446 1940 561 2011 sermm,
577 1941 730 2016 virosaque
747 1943 857 1999 Pontus

155 2050 295 2112 castorea,
312 2040 448 2098 Eliadum
463 2041 574 2116 palmas
592 2041 697 2116 Epirus
712 2041 873 2115 equarum?

156 2139 304 2198 Continuo
320 2139 371 2197 has
385 2139 464 2215 leges
481 2149 656 2214 aeternaque
671 2139 793 2197 foedera
806 2138 892 2196 certis

155 2237 293 2312 imposuit
308 2248 410 2295 natura
424 2239 506 2308 locis,
523 2239 582 2312 quo
597 2247 730 2312 tempore
744 2237 870 2312 primum

157 2336 320 2394 Deucalion
335 2355 459 2394 vacuum
474 2334 585 2411 lapides
601 2335 718 2394 iactavit
732 2335 763 2392 in
777 2335 887 2405 orbem,

155 2433 234 2491 unde
249 2433 384 2492 homines
399 2435 468 2505 nati,
486 2433 590 2491 durum
606 2452 708 2509 genus.
752 2434 830 2507 Ergo
844 2435 907 2506 age,
922 2440 1014 2489 terrae

155 2532 373 2607 pingue.solum
388 2533 486 2607 primis
502 2531 650 2606 extemplo
666 2550 683 2588 a
698 2530 847 2588 mensibus
861 2528 929 2586 anni

155 2629 243 2687 fortes
257 2630 400 2688 invertant
414 2629 495 2701 tauri,
511 2630 669 2704 glebasque
685 2629 806 2686 iacentis

155 2727 354 2802 pulverulenta
368 2738 476 2803 coquat
491 2728 610 2785 maturis
625 2727 733 2785 solibus
748 2736 861 2798 aestas,

155 2834 184 2881 at
198 2825 221 2882 si
236 2843 296 2884 non
311 2824 396 2883 fuerit
410 2826 493 2884 tellus
508 2824 644 2895 fecunda,
660 2825 715 2883 sub
729 2824 825 2899 ipsum

155 2925 308 2981 Arcturum
324 2924 404 2982 tenui
418 2933 462 2981 sat
476 2923 529 2982 erit
543 2922 723 2998 suspendere
738 2922 838 2981 sulco:

155 3020 221 3092 illic,
237 3020 366 3079 officiant
379 3021 460 3079 laetis
475 3039 512 3079 ne
527 3021 655 3096 frugibus
670 3020 787 3091 herbae,

156 3118 212 3190 bic,
228 3120 353 3177 sterilem
368 3120 487 3195 exiguus
502 3138 540 3177 ne
555 3118 670 3176 deserat
684 3137 769 3176 umor
782 3136 908 3176 arenam.

195 3218 320 3275 Alternis
334 3217 414 3275 idern
428 3228 526 3276 tonsas
542 3235 654 3274 cessare
670 3215 789 3286 novalis,

155 3325 184 3372 et
198 3333 318 3390 segnem
333 3316 442 3391 patiere
458 3316 513 3373 situ
529 3315 682 3373 durescere
699 3331 856 3390 campum3

155 3424 205 3471 aut
218 3413 258 3471 ibi
273 3413 346 3472 flava
360 3433 437 3472 seres
452 3423 563 3472 mutato
577 3412 672 3471 sidere
687 3413 769 3484 farra,

155 3510 234 3568 unde
249 3512 327 3587 prius
342 3513 449 3570 laetum
465 3512 568 3586 siliqua
582 3521 736 3585 quassante
751 3511 887 3585 legumen

155 3618 204 3665 aut
218 3610 314 3667 tenuis
328 3609 402 3666 fetus
416 3609 508 3666 viciae
523 3609 667 3682 tristisque
682 3608 775 3682 lupini

155 3705 300 3763 sustuleris
314 3706 427 3782 fragiles
442 3704 571 3763 calamos
586 3705 745 3780 silvamque
760 3714 923 3762 sonantem.

642 3833 664 3867 Μ
675 3833 722 3880 illi.
