2742 4284
187 278 245 343 192
423 257 626 336 Husbandry
650 253 704 316 tlte
728 252 838 316 Poet's
868 254 897 315 T
893 255 993 318 hema

180 447 247 505 alba
260 464 356 520 neque
372 441 488 519 Assyrio
503 443 616 500 fucatur
630 441 697 498 lana
713 458 836 511 veneno,

180 562 237 602 nec
252 544 330 601 casia
343 541 446 618 liquidi
460 540 653 615 corrumpitur
668 557 736 596 usus
751 539 836 596 olivi:

179 651 209 701 at
224 659 326 700 secura
340 641 422 714 quies
437 649 466 696 et
481 638 580 696 nescia
595 638 692 695 fallere
708 637 774 708 vita,

180 739 260 798 dives
275 757 366 814 opum
381 738 530 807 variarum,
547 745 575 792 at
591 735 655 793 latis
671 736 731 793 otia
745 735 851 806 fundis,

179 838 337 912 speluncae
352 835 466 908 vivique
481 835 560 891 lacus
576 842 605 891 et
619 832 722 907 frigida
736 834 849 908 Tempe

179 935 362 1010 mugitusque
378 933 468 991 boum
483 931 635 1005 molesque
652 930 707 988 sub
722 931 823 989 arbore
839 933 943 1005 somni,

178 1051 239 1090 non
254 1033 358 1090 absunt
371 1053 377 1099 3
401 1031 456 1088 illic
472 1030 558 1088 saltus
576 1048 612 1086 ac
627 1029 714 1086 lustra
728 1030 860 1101 ferarum,

178 1141 208 1188 et
221 1130 334 1205 patiens
348 1146 471 1203 operum
488 1127 653 1201 exiguoque
670 1125 793 1184 adsueta
806 1129 938 1187 iuventus

178 1247 261 1286 sacra
274 1227 362 1284 deum
378 1226 527 1298 sanctique
545 1234 640 1299 patres
651 1245 660 1296 3
683 1234 812 1282 extrema
825 1245 878 1301 per
891 1227 953 1285 illos

178 1326 290 1384 Iustitia
304 1324 451 1382 excedens
468 1323 549 1380 terris
567 1323 688 1397 vestigia
702 1324 779 1381 fecit.

219 1425 270 1480 Me
285 1442 353 1480 vero
368 1423 493 1496 primum
509 1420 610 1478 dulces
628 1431 695 1477 ante
711 1423 810 1478 omnia
825 1424 938 1494 Musae,
985 1489 989 1495 .

178 1539 299 1595 quarum
315 1539 397 1577 sacra
409 1519 471 1576 sero
486 1519 596 1593 ingenti
614 1537 768 1593 percussus
783 1538 892 1590 amore,

177 1619 330 1694 accipiant,
347 1617 478 1690 caelique
494 1617 553 1674 vias
570 1626 599 1674 et
616 1615 712 1674 sidera
726 1627 896 1689 monstrent,

177 1716 308 1773 defectus
324 1716 391 1772 solis
406 1715 498 1771 varios
516 1714 660 1788 lunaeque
677 1714 809 1787 labores;

176 1813 255 1871 unde
270 1824 377 1870 tremor
392 1812 481 1882 terris,
497 1829 555 1884 qua
568 1811 597 1867 vi
612 1812 702 1887 maria
716 1811 773 1868 alta
786 1822 950 1870 tumescant

176 1912 308 1969 obicibus
323 1911 413 1983 ruptis
429 1917 582 1982 rursusque
600 1910 629 1964 in
645 1927 675 1965 se
690 1909 754 1982 ipsa
767 1909 903 1981 residant,

176 2008 247 2083 quid
261 2018 372 2064 tantum
389 2008 512 2066 Oceano
527 2017 686 2082 properent
701 2025 731 2063 se
748 2008 878 2081 tinguere
893 2011 969 2067 soles

176 2106 298 2176 hiberni,
313 2107 358 2162 vel
373 2123 448 2180 quae
464 2104 552 2162 tardis
569 2123 650 2162 mora
667 2105 804 2163 noctibus
818 2116 923 2181 opstet.

176 2205 226 2262 Sin
240 2203 292 2260 has
308 2223 344 2262 ne
360 2205 469 2278 possim
485 2213 604 2261 naturae
620 2203 764 2260 accedere
781 2206 868 2278 partis

175 2301 293 2376 frigidus
309 2302 451 2359 obstiterit
466 2301 576 2357 circum
593 2300 766 2376 praecordia
782 2303 916 2376 sanguis:

175 2419 241 2457 rura
255 2399 324 2457 mihi
339 2410 368 2456 et
382 2399 454 2474 rigui
467 2399 604 2473 placeant
620 2399 649 2455 in
664 2399 785 2457 vallibus
802 2419 912 2471 amneS,

175 2498 294 2556 flumina
308 2516 403 2555 amem
419 2498 560 2570 silvasque
578 2497 724 2571 inglorius.
769 2498 798 2556 Ο
813 2498 861 2554 ubi
877 2501 973 2573 campi

175 2596 395 2671 Spercheosque
412 2605 441 2652 et
455 2595 771 2669 virginibusbacchata
787 2597 927 2653 Lacaenis

173 2695 323 2768 Taygeta!
349 2694 377 2752 O
393 2693 442 2767 qui
458 2711 504 2748 me
520 2691 621 2767 gelidis
639 2693 818 2750 convallibus
834 2696 943 2752 Haemi

174 2791 262 2863 sistat,
278 2801 307 2847 et
322 2791 432 2865 ingenti
447 2809 591 2847 ramorum
609 2801 742 2867 protegat
757 2794 878 2851 umbra!

175 2889 264 2960 Felix,
281 2889 330 2962 qui
345 2888 440 2963 potuit
454 2907 550 2947 rerum
566 2908 747 2964 cognoscere
762 2908 873 2962 causas,

174 2995 261 3060 atque
277 2997 371 3044 metus
387 2986 481 3043 omnis
497 2995 526 3045 et
542 2987 720 3045 inexorabile
737 2988 827 3046 satum

174 3084 296 3142 subiecit
311 3084 436 3158 pedibus
448 3085 657 3158 strepitumque
674 3085 848 3143 Acherontis
864 3088 948 3145 avari.

174 3184 347 3240 Fortunatus
363 3192 391 3239 et
406 3183 461 3253 ille,
478 3182 550 3239 deos
566 3184 616 3257 qui
631 3184 712 3239 novit
726 3185 854 3258 agrestis,

174 3281 310 3354 Panaque
324 3281 531 3354 Silvanumque
547 3299 647 3338 senem
663 3281 864 3356 nymphasque
880 3301 1002 3342 sorores

174 3377 259 3434 Illum
275 3397 334 3435 non
349 3379 448 3453 populi
464 3380 566 3451 fasces,
583 3398 642 3436 non
658 3399 786 3456 purpura
799 3399 900 3456 regum

173 3474 251 3532 flexit
266 3486 294 3531 et
309 3475 414 3533 infidos
430 3478 540 3551 agitans
557 3477 704 3535 discordia
718 3479 817 3536 fratres

173 3581 222 3629 aut
236 3573 387 3630 coniurato
403 3572 588 3632 descendens
606 3577 705 3632 Dacus
720 3576 757 3633 ab
773 3576 885 3647 Histro,

172 3689 232 3728 non
247 3688 291 3727 res
307 3671 461 3728 Romanae
478 3673 661 3747 perituraque
677 3691 774 3746 regna,
790 3690 887 3748 neque
902 3675 950 3732 ille

172 3777 222 3824 aut
236 3768 329 3826 doluit
344 3768 483 3826 miserans
498 3769 617 3844 inopem
632 3780 681 3828 aut
695 3770 798 3828 invidit
813 3771 941 3830 habenti.

1081 263 1238 326 [Grorecrcs.

1194 443 1239 498 4⁶5
