2742 4284
177 272 223 320 lv.
239 271 307 334 193.]
518 262 642 327 Habits
665 265 706 346 of
722 265 776 326 the
798 263 888 327 Bees.

176 463 349 513 exercentur
362 453 436 528 agris
448 473 457 523 3
478 468 544 525 pars
558 451 632 508 intra
646 461 749 525 saepta
762 451 917 509 domorum

177 553 306 612 Narcissi
320 551 469 609 lacrimam
484 559 513 606 et
528 549 639 607 lentum
654 548 692 607 de
708 549 818 607 cortice
833 547 932 623 gluten

177 651 270 725 prima
283 651 354 708 favis
369 657 483 723 ponunt
498 646 677 718 fundamina,
694 645 804 704 deinde
820 647 931 704 tenacis

175 747 359 823 suspendunt
373 765 474 818 ceras;
495 745 567 802 aliae
583 762 665 819 spem
680 743 775 819 gentis
791 743 907 801 adultos

176 845 307 904 educunt
323 845 417 915 fetus,
439 843 511 901 aliae
526 843 679 916 purissima
693 842 780 899 mella

149 1011 151 1015 ¹
175 944 284 1019 stipant
298 952 327 1000 et
341 941 453 1016 liquido
469 939 639 998 distendunt
654 949 772 997 nectare
787 940 883 996 cellas.

176 1043 247 1101 Sunt
262 1041 366 1116 quibus
382 1038 420 1096 ad
434 1047 532 1113 portas
548 1036 657 1095 cecidit
671 1037 806 1095 custodia
820 1037 898 1109 sorti,

176 1140 263 1214 inque
278 1139 373 1196 vicem
388 1131 575 1211 speculantur
588 1153 679 1210 aquas
695 1145 725 1193 et
739 1135 838 1193 nubila
850 1135 937 1206 caeli,

176 1247 225 1295 aut
238 1255 329 1295 onera
342 1235 490 1309 accipiunt
504 1234 682 1305 venientum,
699 1243 749 1291 aut
764 1235 880 1310 agmine
896 1234 976 1291 facto

148 1383 152 1389 .
175 1337 311 1411 ignavum
325 1335 409 1390 fucos
423 1350 515 1406 pecus
530 1350 547 1389 a
561 1332 751 1406 praesepibus
766 1341 876 1389 arcent.

176 1435 281 1490 Fervet
296 1449 379 1506 opus,
395 1430 586 1504 redolentque
601 1429 705 1504 thymo
719 1430 873 1504 fragrantia
888 1429 984 1488 mella.

175 1533 218 1588 Ac
233 1530 321 1588 veluti
335 1529 419 1586 lentis
435 1528 581 1604 Cyclopes
596 1527 718 1584 fulmina
732 1527 834 1585 massis

175 1647 244 1686 cum
258 1634 425 1702 properant,
441 1625 488 1682 alii
502 1625 620 1682 taurinis
635 1624 750 1683 follibus
765 1643 848 1683 auras

174 1726 323 1800 accipiunt
337 1723 532 1798 redduntque,
547 1723 594 1780 alii
608 1722 759 1780 stridentia
774 1723 889 1798 tingunt
956 1727 959 1732 “

174 1841 242 1880 aera
256 1823 321 1880 lacu
333 1843 341 1894 ;
363 1821 454 1896 gemit
468 1821 611 1896 impositis
629 1821 784 1879 incudibus
801 1823 914 1894 Aetna,

175 1920 214 1977 illi
228 1921 302 1977 inter
316 1938 380 1977 sese
396 1937 502 1993 magna
515 1919 543 1976 vi
557 1918 696 1976 bracchia
710 1919 814 1976 tollunt

174 2018 204 2074 in
219 2036 382 2087 numerum,
397 2026 570 2091 versantque
585 2017 682 2074 tenaci
696 2017 808 2090 forcipe
825 2016 929 2074 ferrum
943 2039 949 2074 :

173 2134 235 2173 non
250 2116 340 2185 aliter,
355 2116 380 2172 si
393 2132 482 2189 parva
496 2114 564 2172 licet
577 2132 761 2189 componere
777 2115 898 2190 magnis,

175 2213 334 2288 Cecropias
349 2213 465 2270 innatus
480 2229 550 2286 apes
566 2231 647 2270 amor
661 2221 764 2287 urguet
779 2211 908 2269 habendi

175 2329 295 2368 munere
310 2327 457 2385 quamque
473 2328 534 2367 suo.
579 2309 761 2368 Grandaevis
776 2309 888 2384 oppida
902 2327 989 2366 curae

175 2418 205 2466 et
218 2407 331 2466 munire
346 2407 427 2465 savos
441 2417 470 2464 et
485 2407 609 2464 daedala
624 2408 734 2482 fingere
748 2416 835 2465 tecta.

175 2509 212 2564 At
227 2507 319 2564 fessae
336 2506 425 2563 multa
439 2506 566 2563 referunt
580 2523 611 2563 se
626 2515 716 2563 nocte
731 2505 867 2574 minores,

174 2623 258 2661 crura
272 2603 372 2680 thymo
388 2604 492 2678 plenae
504 2624 511 2675 3
534 2612 694 2678 pascuntur
709 2612 738 2660 et
752 2602 854 2659 arbuta
867 2603 976 2676 passim

174 2712 204 2759 et
218 2703 335 2777 glaucas
350 2701 453 2759 salices
469 2701 636 2775 casiamque
653 2717 832 2774 crocumque
846 2700 1001 2757 mbentem

174 2809 203 2857 et
217 2800 356 2875 pinguem
370 2799 462 2856 tiliam
477 2809 507 2856 et
522 2799 700 2874 ferrugineos
716 2797 897 2874 hyacinthos

174 2897 319 2956 Omnibus
334 2915 393 2954 una
407 2897 489 2971 quies
504 2915 636 2971 operum,
652 2896 734 2953 labor
748 2895 883 2954 omnibus
898 2915 991 2969 ulnus:

99 2981 101 2984 Α
173 3012 260 3052 mane
274 3004 361 3052 ruunt
374 2995 484 3069 portis;
507 3012 651 3068 nusquam
668 3011 769 3064 mora3
792 3012 887 3051 rursus
903 2992 1022 3050 easdem

173 3109 277 3167 vesper
290 3091 341 3149 ubi
357 3110 373 3149 e
389 3102 473 3166 pastu
490 3091 609 3149 tandem
624 3090 772 3149 decedere
788 3091 902 3166 campis

172 3189 333 3260 admonuit,
348 3198 410 3247 tum
425 3199 503 3247 tecta
517 3199 628 3264 petunt,
646 3199 708 3247 tum
724 3208 849 3264 corpora
863 3199 984 3262 curant,

172 3286 204 3345 fit
219 3287 329 3345 sonitus
345 3299 534 3362 mussantque
549 3307 615 3346 oras
630 3298 659 3345 et
673 3289 775 3346 limina
792 3288 911 3346 circum.

173 3386 242 3442 Post
257 3385 306 3442 ubi
321 3385 379 3443 iam
395 3385 528 3444 thalamis
544 3403 575 3444 se
589 3405 794 3460 composuere,
809 3387 907 3443 siletur

172 3481 203 3540 in
218 3492 346 3554 noctem,
362 3484 512 3558 fessosque
528 3502 616 3559 sopor
630 3503 699 3541 suus
714 3493 841 3558 occupat
856 3493 941 3540 artus.

173 3581 239 3637 Nec
254 3599 324 3638 vero
338 3600 355 3638 a
370 3581 487 3638 stabulis
503 3581 601 3656 pluvia
616 3580 808 3655 impendente
823 3579 966 3638 recedunt

171 3678 295 3752 longius,
310 3689 359 3737 aut
373 3678 497 3737 credunt
512 3680 594 3738 caelo
610 3679 835 3737 adventantibus
851 3678 955 3750 Euris;

172 3774 226 3833 sed
240 3777 351 3835 circum
367 3787 446 3835 tutae
462 3779 516 3836 sub
531 3779 686 3838 moenibus
702 3778 780 3836 urbis
796 3786 946 3851 aquantur,
