2742 4284
145 311 288 376 vt1.757.]
339 300 417 361 List
439 300 479 382 of
496 298 661 370 Nations,
686 299 862 372 Halaesus,
885 299 1012 365 Umbra.

188 487 270 544 Hinc
285 487 544 561 Agamemnonius,
560 485 678 543 Troiani
694 484 820 542 nominis
835 485 933 551 hostis,

145 603 232 642 curru
247 584 338 658 iungit
354 584 499 640 Halaesus
514 601 606 658 equos
621 584 781 656 Turnoque
795 583 899 640 ferocis

146 681 224 738 mille
240 681 314 756 rapit
328 681 463 756 populos,
479 691 594 738 vertunt
609 680 704 737 felicia
719 681 839 737 Baccho

147 779 277 836 Massica
292 779 343 853 qui
357 779 453 836 rastris
469 787 498 836 et
512 787 586 852 quos
603 777 641 834 de
657 778 780 836 collibus
795 778 859 834 altis

147 878 277 934 Aurunci
292 877 396 935 misere
411 887 516 952 patres,
532 874 721 950 Sidicinaque
736 876 816 933 iuxta

145 993 277 1049 aequora
291 975 399 1049 quique
414 973 500 1032 Cales
514 974 657 1049 linquunt,
674 973 826 1048 amnisque
840 972 941 1030 vadosi

146 1072 251 1129 accola
264 1071 406 1141 Volturni,
424 1072 589 1146 pariterque
605 1071 747 1129 Saticulus
763 1087 847 1144 asper

147 1170 354 1244 Oscorumque
371 1188 482 1228 manus.
524 1171 645 1226 Teretes
660 1178 729 1226 sunt
744 1168 862 1243 aclydes
876 1168 929 1224 illis

146 1269 215 1338 tela,
230 1266 284 1325 sed
300 1266 374 1325 haec
389 1267 468 1325 lento
484 1285 548 1325 mos
564 1277 609 1342 est
623 1277 722 1341 aptare
738 1265 870 1340 flagell03

147 1367 244 1422 laevas
259 1375 356 1422 caetra
370 1366 449 1440 tegit,
465 1365 562 1423 falcati
576 1365 743 1423 comminus
758 1382 852 1421 enses

133 1505 138 1512 -
191 1464 257 1521 Nec
272 1473 302 1521 tu
319 1463 615 1521 canninibus'nostris
631 1462 759 1520 indictus
773 1461 875 1531 abibis,

148 1562 271 1630 Oebale,
287 1579 376 1636 quem
392 1579 545 1636 generasse
561 1561 655 1618 Telon
671 1559 829 1619 Sebethide
845 1559 975 1634 nympha

148 1659 247 1730 fertur,
262 1659 426 1716 Teleboum
441 1659 570 1733 Capreas
586 1677 653 1715 cum
668 1676 760 1732 regna
774 1667 896 1721 teneret,

148 1758 208 1814 iarn
223 1757 337 1828 senior,
361 1756 457 1831 patriis
473 1756 526 1814 sed
541 1775 601 1814 non
616 1765 646 1813 et
660 1756 734 1813 filins
748 1756 822 1812 arvis

148 1864 306 1912 contentus
322 1854 377 1911 late
393 1856 451 1911 iam
466 1864 529 1912 turn
545 1853 661 1911 dicione
678 1854 830 1928 premebat

148 1953 283 2010 Sarrastis
298 1953 423 2026 populos
439 1963 467 2009 et
482 1970 558 2027 quae
573 1952 645 2026 rigat
660 1970 789 2027 aequora
803 1953 909 2008 Sarnus

148 2051 259 2125 quique
275 2050 378 2107 Rufras
395 2051 589 2125 Batulumque
604 2059 705 2107 tenent
719 2059 807 2124 atque
823 2068 890 2105 arva
904 2050 1063 2108 Celemnae

148 2157 179 2205 et
193 2165 269 2222 quos
284 2148 430 2205 maliferae
446 2148 620 2223 despectant
635 2148 752 2204 moenia
767 2147 893 2217 Abellae,

148 2247 316 2303 Teutonico
330 2247 385 2304 ritu
400 2247 475 2304 soliti
490 2256 624 2320 torquere
639 2246 757 2314 cateias,

149 2344 280 2418 tegmina
294 2344 358 2418 quis
373 2345 502 2420 capitum
519 2353 616 2418 raptus
632 2343 670 2400 de
686 2344 789 2400 subere
805 2353 915 2413 cortex,

149 2451 325 2516 aerataeque
344 2443 453 2500 micant
468 2443 573 2517 peltae,
592 2442 681 2498 micat
696 2459 798 2499 aereus
813 2441 899 2499 ensis.

193 2540 232 2596 Et
247 2549 274 2596 te
291 2550 443 2598 montosae
459 2541 562 2598 misere
579 2541 608 2596 in
625 2540 736 2614 proelia
752 2538 873 2609 Nersae,

149 2637 254 2707 UfenS,
271 2639 414 2712 insignem
429 2639 506 2696 sama
521 2647 550 2696 et
564 2637 696 2695 felicibus
711 2637 815 2709 armis,

150 2734 271 2792 horrida
284 2737 441 2811 praecipue
458 2737 504 2793 cui
518 2755 590 2811 gens
605 2735 784 2809 adsuetaque
799 2735 891 2792 multo

150 2843 259 2891 venatu
274 2852 437 2905 nemorum,
453 2834 532 2892 duris
547 2834 709 2909 Aequicula
726 2833 843 2907 glaebis.

151 2933 263 2989 Armati
278 2943 383 2990 terram
399 2944 546 3004 exercent,
562 2950 737 3007 semperque
752 2931 877 2989 recentis

151 3039 328 3088 convectare
343 3031 420 3089 iuvat
434 3031 558 3106 praedas
574 3041 602 3088 et
617 3031 712 3087 viuere
728 3039 819 3104 rapto.

194 3125 274 3200 Quin
289 3138 318 3185 et
334 3129 479 3186 Marruvia
493 3130 572 3186 venit
586 3128 624 3186 de
639 3139 726 3203 gente
742 3126 888 3198 sacerdos,

152 3223 256 3282 fronde
271 3243 358 3300 super
372 3227 485 3300 galeam
501 3237 530 3283 et
544 3227 621 3284 felici
637 3237 772 3300 comptus
788 3226 870 3283 oliva.

154 3322 293 3397 Archippi
308 3325 382 3398 regis
397 3326 494 3396 missu,
510 3325 680 3382 fortissimus
696 3326 820 3391 Umbro,

151 3422 272 3495 vipereo
286 3410 386 3497 generi
401 3434 430 3480 et
444 3424 566 3497 graviter
581 3423 757 3497 spirantibus
773 3423 870 3498 hydris

153 3537 288 3593 spargere
303 3520 353 3594 qui
368 3539 487 3578 somnos
504 3531 649 3595 cantuque
666 3539 813 3595 manuque
828 3520 939 3577 solebat

152 3617 359 3692 mulcebatque
375 3618 429 3675 iras
445 3628 474 3676 et
489 3637 600 3676 morsus
615 3629 675 3676 arte
691 3619 815 3676 levabat.

152 3714 212 3772 Sed
227 3734 288 3773 non
304 3715 470 3774 Dardaniae
485 3716 625 3774 medicari
640 3716 770 3790 cuspidis
787 3717 877 3774 ictum

153 3812 268 3883 evaluit,
285 3831 381 3888 neque
398 3832 466 3870 eum
481 3814 577 3871 iuvere
594 3816 621 3871 in
638 3813 756 3872 volnera
771 3823 873 3871 cantus
