2742 4284
116 301 249 364 xr.3a5.]
471 288 526 351 He
547 288 685 351 Reviles
714 287 745 348 T
742 308 853 351 umus.

118 477 237 535 Unum
251 475 340 532 etiam
354 474 440 532 donis
455 474 525 544 istis,
540 491 615 548 quae
630 473 755 547 plurima
769 472 843 530 mitti

122 571 314 631 Dardanidis
330 572 447 646 dicique
457 566 555 640 iubes,
571 588 670 640 unum,
683 570 795 645 optime
809 586 920 644 regum,

124 669 246 728 adicias
260 686 317 725 nec
331 677 360 726 te
375 667 458 725 ullius
472 667 610 724 violentia
626 667 731 737 vincat,

124 768 206 843 quin
221 776 320 824 natam
334 766 451 840 egregio
466 782 575 840 genero
590 764 745 839 dignisque
760 765 928 840 hymenaeis

125 866 198 935 des,
214 874 305 940 pater,
321 874 350 921 et
364 881 469 938 pacem
484 862 560 920 hanc
575 873 696 920 aeterno
711 862 830 921 foedere
845 863 955 938 iungas.

128 962 228 1038 Quod
243 962 265 1018 si
281 971 376 1018 tantus
392 959 480 1019 habet
495 970 608 1017 mentes
624 971 653 1017 et
667 972 789 1035 pectora
802 970 901 1031 terror,

128 1064 232 1137 ipsum
247 1060 426 1118 obtestemur
441 1058 615 1132 veniamque
632 1075 750 1116 oremus
764 1059 802 1116 ab
816 1059 900 1133 ipso:

130 1158 234 1228 cedat,
249 1157 292 1215 ius
306 1156 455 1232 proprium
471 1156 531 1230 regi
545 1156 716 1231 patriaeque
731 1157 867 1214 remittat.

131 1255 218 1331 Quid
234 1256 354 1312 miseros
369 1255 476 1311 totiens
491 1254 520 1310 iu
536 1264 636 1328 aperta
651 1255 781 1329 pericula
795 1255 873 1311 cives
890 1309 894 1314 .

129 1354 253 1432 proicis
269 1354 297 1412 O
313 1353 397 1410 Latio
412 1361 500 1427 caput
516 1351 620 1409 horum
636 1363 665 1410 et
680 1371 770 1409 causa
782 1352 946 1410 malorum?

115 1483 120 1491 ·
132 1452 227 1511 Nulla
240 1452 316 1509 salus
329 1450 425 1509 bello:
449 1468 555 1525 pacem
569 1459 598 1507 te
616 1451 766 1525 poscimus
780 1467 893 1520 omnes,

130 1552 245 1619 Tume‚
261 1549 344 1606 simul
358 1548 440 1623 pacis
455 1548 550 1606 solum
566 1548 733 1605 inviolabile
748 1549 862 1623 pignus.

134 1649 251 1706 Primus
265 1665 330 1721 ego,
346 1647 469 1704 invisum
484 1665 574 1720 quem
590 1655 620 1704 tu
636 1646 688 1703 tibi
702 1646 795 1720 tingiS,
811 1657 841 1703 et
855 1663 918 1703 esse

132 1747 177 1804 nil
192 1763 299 1815 moror,
315 1763 352 1801 en
367 1743 491 1819 supplex
504 1745 600 1802 venio,
644 1744 783 1800 Miserere
798 1753 924 1814 tuomm‚

132 1862 217 1920 pone
232 1843 346 1900 animos
361 1852 391 1899 et
405 1842 504 1917 pulsus
519 1841 575 1899 abi.
618 1841 667 1899 Sat
680 1843 783 1898 lunera
796 1841 852 1899 fusi

133 1941 263 1999 vidimus
278 1940 402 2015 ingentis
418 1949 446 1996 et
462 1938 657 1996 desolavimus
672 1957 765 2013 agros.

134 2044 197 2098 Aut
212 2039 236 2096 si
250 2039 327 2095 sama
341 2047 448 2108 movet,
464 2037 615 2094 sitantum
630 2047 751 2112 pectore
766 2037 855 2094 robur

134 2136 273 2211 concipis
288 2146 318 2193 et
331 2135 355 2193 si
370 2133 447 2192 adeo
463 2133 568 2192 dotalis
586 2135 665 2210 regia
680 2134 764 2192 cordi
778 2145 831 2204 est,

136 2233 217 2292 aude
232 2243 319 2308 atque
334 2232 488 2290 adversum
503 2232 598 2290 fidens
616 2232 658 2289 ser
671 2241 776 2307 pectus
790 2233 821 2289 in
835 2233 959 2290 hostem.

136 2333 257 2392 Scilicet
271 2341 302 2388 ut
315 2333 416 2388 Turno
432 2330 582 2405 contingat
600 2331 679 2406 regia
694 2330 831 2400 coniunx,

135 2448 194 2488 nos
210 2430 325 2487 animae
340 2429 419 2498 viles,
434 2428 587 2485 inhumata
602 2427 758 2502 infletaque
773 2428 865 2496 turba,

136 2538 303 2586 sternamur
317 2526 437 2600 campis,
482 2526 578 2582 Etiam
593 2535 633 2596 tu,
649 2526 733 2600 siqua
746 2526 798 2583 tibi
813 2526 863 2594 vis,

137 2627 163 2684 si
178 2625 264 2701 patrii
277 2610 349 2699 quid
365 2624 466 2682 Martis
482 2623 581 2694 habes,
599 2624 678 2682 illum
693 2625 792 2698 aspice
808 2634 918 2694 contra,

138 2724 191 2799 qui
205 2724 310 2781 vocat!

180 2820 300 2878 Talibus
315 2821 420 2878 exarsit
435 2820 521 2878 dictis
537 2820 675 2878 violentia
689 2820 801 2891 Turni;

139 2921 191 2978 dat
205 2919 347 2994 gemitum
362 2918 528 2993 rumpitque
544 2918 596 2974 has
612 2918 671 2976 imo
686 2927 807 2992 pectore
822 2935 910 2976 voces

140 3019 254 3092 ‘Larga
268 3015 397 3090 quidem,
414 3015 540 3086 Drance,
556 3033 673 3090 semper
686 3016 739 3074 tibi
752 3017 840 3090 copia
854 3015 934 3074 fandi

140 3127 213 3186 tum,
229 3133 297 3171 cum
312 3113 388 3170 bella
402 3133 506 3173 manus
520 3125 655 3189 poscunt,
671 3114 859 3188 patribusque
874 3115 984 3172 vocatis

140 3214 251 3288 primus
266 3212 347 3270 ades.
390 3213 448 3271 Sed
463 3230 523 3270 non
539 3213 680 3296 replenda
695 3223 739 3269 est
757 3211 838 3267 curia
851 3212 954 3281 verbis,

141 3328 218 3386 quae
234 3321 298 3372 tuto
312 3311 364 3368 tibi
379 3329 485 3386 magna
500 3312 605 3382 volant,
622 3311 694 3368 dum
712 3310 831 3367 distinet
845 3310 960 3368 hostem

142 3427 231 3484 agger
246 3427 394 3466 murorum
410 3427 465 3466 nec
481 3407 623 3467 inundant
639 3410 780 3484 sanguine
796 3408 898 3465 fossae.

143 3506 270 3566 Proinde
284 3517 356 3564 tona
371 3507 498 3581 eloquio,
515 3507 630 3564 solitum
646 3508 707 3577 tibi,
724 3525 829 3581 meque
846 3507 956 3564 timoris

142 3622 231 3679 argue
245 3614 286 3676 tu,
303 3604 429 3675 Drance,
445 3604 566 3679 quando
581 3615 624 3662 tot
638 3605 740 3679 stragis
755 3622 874 3662 acervos

142 3705 325 3761 Teucrorum
339 3711 389 3760 tua
402 3702 506 3762 dextra
519 3703 603 3762 dedit
617 3704 786 3779 passlmque
801 3704 928 3778 tropaeis

557 3833 591 3867 ⁸⁸2
602 3848 741 3880 moerorum.
757 3835 785 3879 R.
