2742 4284
141 325 273 389 1x.818.]
386 315 417 376 T
413 335 518 377 arnus
540 313 649 395 Leaps
672 311 741 374 into
763 311 817 374 the
839 311 953 375 Κίων.

139 501 171 558 ni
185 503 303 559 Turnus
318 500 405 558 cedat
419 490 601 558 Teucrorum
616 497 771 555 moenibus
785 497 864 554 altis.

140 599 222 674 Ergo
237 616 294 655 nec
309 599 406 672 clipeo
421 596 532 656 iuvenis
548 595 705 654 subsistere
720 602 834 651 tantum

138 713 198 753 nec
213 695 315 752 dextra
329 696 424 753 valet:
448 693 562 751 iniectis
577 693 619 751 sic
633 691 764 766 undique
779 691 842 749 telis

138 792 280 852 obruitur.
324 792 431 867 Strepit
445 790 571 849 adsiduo
586 809 659 848 cava
673 799 807 865 tempora
822 790 932 848 circum

137 891 246 949 tinnitu
261 891 353 966 galea,
369 901 399 948 et
413 889 487 948 saxis
503 888 597 948 solida
612 907 680 946 aera
696 887 841 962 fatiscunt,

137 988 350 1063 discussaeque
364 989 451 1046 iubae
467 988 564 1062 capiti,
580 1005 636 1045 nec
653 987 759 1046 sufficit
773 989 863 1048 umbo

137 1086 266 1144 ictibus:
290 1087 471 1162 ingeminant
485 1085 574 1144 hastis
591 1097 620 1144 et
634 1088 728 1146 'l'roes
743 1097 773 1146 et
786 1088 849 1164 ipse

136 1184 296 1241 fulmineus
312 1184 495 1242 Mnestheus.
539 1186 617 1242 Tum
632 1195 696 1244 toto
711 1204 835 1262 corpore
849 1186 940 1245 sudor

135 1282 258 1356 liquitur
272 1291 302 1339 et
316 1282 446 1358 piceum,
461 1302 518 1341 nec
532 1285 671 1359 respirare
684 1294 822 1360 potestas,

136 1380 252 1438 flumen
266 1381 325 1456 agit
337 1402 345 1453 ;
368 1384 459 1440 fessos
474 1383 567 1458 quatit
582 1401 669 1458 aeger
682 1382 825 1440 anhelitus
839 1393 925 1441 artus.

135 1480 218 1536 Tum
234 1478 356 1538 demum
371 1499 514 1556 praeceps
529 1481 602 1538 saltu
618 1499 681 1538 sese
697 1473 832 1539 omnibus
846 1481 932 1539 armis

137 1578 169 1636 in
185 1577 305 1637 fluvium
320 1578 420 1636 dedit:
445 1579 491 1636 ille
506 1597 559 1636 suo
574 1597 642 1636 curn
656 1577 768 1652 gurgite
782 1577 857 1634 flavo

135 1677 258 1750 accepit
271 1677 438 1734 venientem
455 1695 491 1734 ae
506 1675 640 1734 mollibus
656 1675 757 1733 extulit
770 1674 857 1733 undis

136 1785 169 1832 et
184 1773 293 1832 laetum
308 1775 394 1832 sociis
408 1773 506 1833 abluta
521 1772 613 1830 caede
628 1772 746 1830 remisit.

589 1901 623 1934 ⁸1⁴
637 1915 700 1949 acer.
720 1901 754 1948 H.
