2742 4284
172 307 217 356 1V.
230 306 301 372 534]
461 298 628 380 Eurydice
651 309 682 362 to
706 297 744 361 be
766 299 943 381 Appeased.
1166 317 1229 382 227

170 491 362 560 prensantem
376 483 556 560 nequiquam
570 483 689 542 umbras
703 491 733 541 et
747 484 837 542 multa
851 484 1000 544 volentem

171 580 272 641 dicere
286 590 437 657 praeterea
450 579 541 654 vidit3
563 598 620 639 nec
634 582 758 657 portitor
772 582 842 641 Orci

171 680 296 757 amplius
310 679 458 737 obiectam
472 697 573 755 passus
588 679 709 738 transire
724 679 870 755 paludem.

172 777 254 854 Quid
268 777 398 838 faceret?
435 765 508 853 Quo
522 795 554 835 se
568 787 651 852 rapta
664 777 709 835 bis
723 778 850 853 coniuge
864 779 971 838 ferret?

172 875 242 952 Quo
256 876 326 935 fletu
341 876 446 948 Manis,
465 892 540 950 quae
554 875 676 932 numina
690 893 760 933 voce
776 878 927 935 moveret?

172 973 226 1032 Illa
240 973 362 1049 quidem
377 975 475 1050 Stygia
490 974 580 1031 nabat
595 973 652 1031 iam
669 973 773 1048 frigida
786 975 901 1050 cymba.

171 1072 291 1148 Septem
305 1072 385 1131 illum
400 1083 477 1131 totos
492 1072 646 1146 perhibent
662 1089 699 1128 ex
713 1070 816 1130 ordine
832 1091 948 1131 menses

170 1187 243 1244 rupe
258 1170 313 1228 snb
327 1169 404 1229 aeria
418 1170 526 1229 deserti
541 1169 580 1227 ad
596 1170 757 1245 Strymonis
771 1169 882 1228 undam

170 1266 254 1325 flesse
269 1267 324 1326 sibi
338 1277 368 1326 et
381 1267 484 1344 gelidis
500 1268 574 1325 haec
592 1267 733 1325 evolvisse
748 1268 802 1325 sub
816 1268 904 1326 antris

126 1409 131 1416 .
171 1364 349 1424 mulcentem
363 1366 441 1441 tigris
457 1375 485 1423 et
501 1375 636 1441 agentem
651 1366 780 1423 carmine
795 1383 939 1440 quercus;

170 1462 263 1538 qualis
277 1464 405 1540 populea
418 1483 552 1522 maerens
566 1463 725 1539 philomela
738 1464 793 1522 sub
806 1465 909 1522 umbra

170 1561 293 1619 amissos
307 1562 436 1636 queritur
449 1563 533 1634 letne,
549 1580 623 1637 quos
639 1561 728 1620 durus
744 1571 839 1620 arator

170 1655 328 1717 observans
341 1658 414 1718 nido
428 1660 576 1735 implumis
592 1659 736 1732 detraxit;
760 1670 789 1718 at
803 1660 851 1718 illa

169 1755 219 1814 flet
233 1766 361 1830 noctem,
377 1776 517 1833 ramoque
532 1756 639 1816 sedens
654 1758 816 1816 miserabile
831 1778 950 1818 carmen

170 1854 301 1930 integrat,
317 1863 347 1913 et
360 1856 477 1913 maestis
489 1856 544 1913 late
560 1855 627 1913 loca
640 1856 790 1930 questibus
804 1856 913 1932 implet.

171 1952 258 2010 Nulla
271 1953 381 2026 Venus,
397 1971 457 2010 non
471 1953 520 2011 ulli
535 1954 666 2011 animum
680 1953 786 2012 flexere
802 1954 963 2031 hymenaei.

169 2048 252 2107 Solus
269 2051 476 2126 Hyperboreas
490 2051 597 2127 glacies
611 2051 796 2127 Tanaimque
810 2052 934 2110 nivalem

169 2166 295 2223 arvaque
310 2148 450 2223 Riphaeis
466 2169 627 2226 numquam
641 2148 760 2208 viduata
774 2150 884 2226 pruinis

168 2245 306 2303 lustrabat
320 2255 433 2321 raptam
449 2246 615 2322 Eurydicen
631 2258 718 2322 atque
733 2248 818 2306 inrita
834 2250 910 2306 Ditis

168 2341 249 2401 dona
262 2362 406 2419 querens;
428 2355 542 2419 spretae
557 2345 704 2403 Ciconum
720 2364 779 2420 quo
794 2365 915 2404 munere
930 2358 1036 2405 matres

168 2441 244 2498 inter
257 2460 339 2498 sacra
353 2441 442 2499 deum
457 2443 650 2518 nocturnique
667 2444 748 2519 orgia
764 2444 873 2502 Bacchi

167 2537 348 2614 discerptum
362 2539 436 2598 latos
451 2541 587 2600 iuvenem
602 2559 734 2617 sparsere
749 2560 803 2617 per
816 2562 908 2617 agros.

167 2637 245 2695 Tum
259 2648 379 2713 quoque'
393 2657 556 2696 marmorea
570 2647 659 2715 caput
674 2657 692 2696 a
706 2640 820 2697 cervice
835 2640 980 2698 revulsum

166 2735 279 2810 gurgite
294 2754 362 2792 curn
378 2735 477 2793 medio
492 2746 611 2811 portans
627 2737 769 2812 Oeagrius
788 2739 905 2796 Hebrus

166 2833 302 2906 volveret,
320 2832 487 2909 Eurydicen
502 2853 560 2891 vox
574 2833 637 2908 ipsa
651 2843 680 2891 et
695 2833 799 2910 frigida
812 2835 918 2910 lingua,

165 2930 232 2988 Ah!
255 2931 390 2989 miseram
407 2930 574 3007 Eurydicen
589 2932 686 2990 anima
702 2932 829 3007 fugiente
844 2934 977 3005 vocabat,

167 3028 336 3105 Eurydicen
350 3039 413 3087 toto
427 3029 590 3088 referebant
605 3030 724 3089 flumine
738 3030 837 3105 ripae)

208 3127 295 3184 Haec
311 3129 442 3199 Proteus,
457 3137 487 3185 et
501 3147 533 3185 se
548 3128 625 3186 iactu
639 3127 723 3187 dedit
737 3148 848 3205 aequor
860 3129 890 3186 in
904 3129 1004 3201 altum,

165 3243 283 3300 quaque
299 3224 390 3297 dedit,
406 3236 592 3300 spumantem
607 3225 718 3284 undam
733 3228 788 3285 sub
803 3228 909 3286 vertice
924 3228 1014 3286 torsit.

164 3325 203 3380 At
217 3342 278 3380 non
293 3324 408 3400 Cyrene
421 3345 428 3396 ;
452 3342 579 3399 namque
594 3325 668 3382 ultro
685 3325 783 3382 adfata
797 3327 967 3385 timentem:

206 3421 314 3492 ‘Nate,
330 3421 397 3480 licet
413 3423 500 3480 tristis
515 3425 612 3481 animo
628 3423 778 3499 deponere
794 3443 885 3483 curas.
1043 3488 1045 3492 ,

165 3521 253 3578 Haec
268 3520 363 3578 omnis
380 3520 475 3579 morbi
492 3539 587 3592 causa,
604 3520 672 3578 hinc
687 3522 850 3580 miserabile
866 3522 1031 3597 Nymphae,

164 3636 233 3675 cum
248 3618 353 3693 quibus
369 3620 415 3676 illa
430 3618 536 3677 choros
550 3617 624 3676 lucis
638 3619 766 3694 agitabat
781 3619 811 3677 in
826 3621 898 3692 altis,

163 3716 284 3774 exitium
299 3717 402 3775 misere
417 3717 528 3793 apibus.
572 3717 618 3774 Tu
633 3737 754 3776 munera
767 3719 891 3792 supplex

308 3845 342 3880 ⁶⁰⁶
356 3849 476 3893 brackets.
493 3849 521 3894 R.
653 3907 656 3912 ι
681 3847 853 3908 ⁵⁰⁹flevisseet.
870 3849 926 3892 Eds.
956 3846 1034 3892 astru.
1050 3846 1078 3890 R.
