2742 4284
146 240 208 300 180
401 235 582 316 Grasting:
610 232 778 299 Countless
802 233 939 317 Species.
1041 240 1194 305 [Gnoncrcs.

141 441 221 480 nunc
235 422 309 479 altae
324 420 443 479 frondes
458 431 488 478 et
501 421 574 478 rami
589 422 688 479 matris
702 432 830 497 opacant
1168 429 1196 474 ss

141 520 345 593 crescentique
359 518 493 577 adimunt
507 519 581 576 fetus
596 529 741 596 uruntque
756 521 907 578 ferentem.

142 617 206 674 Iam
220 634 296 691 quae
310 616 469 675 seminibus
484 616 565 674 iactis
581 635 612 674 se
627 617 742 676 sustulit
755 618 851 688 arbos,

141 714 223 773 tarda
237 714 316 772 venit
330 715 400 772 seris
415 714 525 772 lactura
538 717 696 790 nepotibus
711 715 853 787 umbram,

140 829 288 890 pomaque
303 810 483 888 degenerant
497 831 583 871 sucos
598 814 688 872 oblita
703 814 823 888 priores,

141 921 172 969 et
184 911 275 986 turpis
289 911 390 969 avibus
404 910 545 984 praedam
560 910 614 968 sert
628 931 685 969 uva
698 929 840 969 racemos.
922 939 939 950 ν

141 1009 258 1068 Scilicet
271 1009 407 1066 omnibus
422 1018 467 1066 est
480 1008 562 1067 labor
576 1009 804 1084 impendendus,
820 1018 849 1066 et
864 1027 967 1067 omnes

141 1106 295 1182 cogendae
309 1107 339 1164 in
354 1107 466 1164 sulcum
481 1125 517 1164 ac
532 1107 621 1166 multa
635 1107 773 1165 mercede
788 1105 966 1165 domandae.

142 1202 201 1262 Sed
215 1204 324 1262 truncis
339 1204 422 1261 oleae
437 1205 550 1276 melius,
566 1206 728 1280 propagine
742 1206 815 1262 vites

142 1302 330 1377 respondent,
346 1301 440 1360 solido
455 1303 584 1378 Paphiae
599 1302 637 1361 de
652 1303 758 1360 robore
773 1311 902 1378 myrtus;

142 1401 247 1476 plantis
261 1410 290 1457 et
304 1400 393 1459 durae
410 1400 500 1480 copyli
514 1410 674 1459 nascuntur
687 1411 718 1458 et
731 1401 833 1475 ingens

142 1497 268 1558 fraxinus
285 1499 511 1572 Herculeaeque
527 1499 612 1556 arbos
627 1499 764 1556 umbrosa
778 1515 905 1556 coronae

143 1596 326 1671 Chaoniique
341 1596 428 1670 patris
443 1595 573 1670 glaudeS,
589 1597 678 1654 etiarn
693 1595 786 1653 ardua
799 1595 897 1670 palma

144 1694 272 1751 nascitur
286 1703 316 1751 et
331 1711 414 1751 casus
429 1693 510 1751 abies
524 1693 620 1750 visura
633 1694 770 1751 marinos.

184 1792 324 1850 Inseritur
337 1809 406 1848 vero
421 1801 450 1848 et
465 1791 548 1848 nucis
562 1791 681 1849 arbutus
696 1790 813 1848 horrida
826 1791 896 1862 fetu,

143 1898 173 1946 et
187 1889 297 1946 steriles
311 1889 419 1963 platani
434 1888 525 1945 malos
540 1905 655 1963 gessere
669 1889 820 1960 valentes;

144 1996 297 2044 castaneae
312 1986 392 2060 sagus
414 2004 561 2060 ornusque
576 1986 707 2043 incanuit
721 1970 788 2043 albo

143 2084 213 2146 flore
227 2083 291 2158 piri,
306 2081 502 2158 glandemque
517 2101 584 2142 sues
599 2074 709 2159 fregere
725 2084 780 2140 sub
794 2083 888 2140 ulmis.

144 2183 211 2240 Nec
225 2180 331 2238 modus
345 2181 471 2239 inserere
486 2191 574 2256 atque
589 2181 691 2239 oculos
706 2182 856 2256 imponere
872 2180 1004 2255 simplem

144 2281 223 2338 llam
238 2299 295 2356 qua
310 2299 341 2338 se
356 2280 455 2338 medio
470 2279 590 2338 trudunt
605 2280 643 2338 de
658 2280 768 2337 cortice
783 2297 917 2356 gemmae

144 2388 173 2436 et
187 2379 283 2436 tenuis
297 2363 435 2453 rumpunt
449 2379 571 2448 tunicas,
588 2387 726 2453 angustus
741 2378 771 2435 in
785 2379 850 2452 ipso

143 2477 176 2537 fit
189 2476 271 2534 nodo
287 2477 383 2534 sinus:
409 2477 467 2534 huc
482 2476 576 2533 aliena
590 2494 627 2532 ex
641 2477 743 2533 arbore
758 2493 878 2551 germen

144 2574 298 2633 includunt
311 2573 430 2648 udoque
445 2572 555 2631 docent
570 2574 732 2630 inolescere
747 2572 830 2630 libr0.

145 2676 203 2734 Aut
216 2691 329 2730 rursum
344 2671 457 2730 enodes
472 2672 565 2728 trunci
579 2680 756 2741 resecantur,
772 2680 802 2728 et
815 2671 872 2728 alte

144 2770 263 2828 finditur
276 2770 306 2827 in
321 2768 447 2827 solidum
462 2770 563 2827 cuneis
578 2769 632 2838 via,
649 2767 758 2826 deinde
773 2753 883 2825 sefaces

145 2869 260 2943 plantae
276 2868 486 2924 immittuntur:
510 2884 565 2923 nec
582 2867 701 2941 longum
717 2876 842 2940 tempus,
859 2876 888 2924 et
902 2867 1005 2941 ingens

145 2966 239 3024 exsilit
252 2966 290 3024 ad
305 2965 419 3023 caelum
434 2965 519 3021 ramis
534 2964 667 3022 felicibus
682 2964 767 3020 arbos

145 3064 320 3138 miraturque
334 3081 425 3120 novas
440 3061 557 3119 frondes
573 3071 602 3118 et
617 3080 678 3119 nou
693 3080 745 3118 sua
759 3079 858 3136 poma.

186 3163 340 3218 Praeterea
352 3179 444 3236 genus
459 3160 538 3218 haud
553 3179 643 3217 unum
659 3177 715 3216 nec
731 3159 852 3217 sortibus
867 3159 952 3216 ulmis

145 3277 201 3317 nec
216 3260 294 3318 salici
309 3260 429 3335 lotoque
443 3277 539 3334 neque
556 3257 654 3316 Idaeis
670 3257 832 3332 cyparissis,

145 3375 202 3415 nec
215 3358 338 3433 pingues
353 3376 441 3415 unam
456 3357 485 3414 in
499 3355 606 3414 faciem
620 3365 779 3414 nascuntur
793 3355 894 3425 olivae,

145 3454 290 3514 orchades
305 3466 335 3513 et
348 3454 420 3512 radii
436 3464 465 3511 et
480 3473 577 3512 amara
591 3454 693 3528 pausia
706 3454 781 3512 baca

145 3570 292 3628 pomaque
308 3563 337 3610 et
352 3552 466 3609 Alcinoi
481 3551 578 3622 silvae,
595 3569 652 3609 nec
668 3551 799 3608 surculus
814 3549 895 3608 idem

146 3651 318 3710 Crustumiis
333 3650 478 3726 Syriisque
493 3650 560 3724 piris
575 3648 769 3725 gravibusque
784 3647 915 3706 volemis.

276 3779 299 3814 ⁸⁵
309 3780 416 3826 ecdurae.
433 3779 461 3825 R.
491 3779 585 3825 edurae.
601 3777 658 3823 Eds.
790 3815 799 3820 .
903 3776 924 3810 ⁸1
934 3779 1001 3823 exiit.
1016 3778 1074 3823 Eds.
