2742 4284
193 291 235 372 76
573 291 693 375 Speeclt
715 292 863 376 ossuno.
1121 301 1246 368 [mmo.

194 475 363 552 Idaliaeque
379 475 504 536 domus:
528 477 629 553 positis
645 477 782 552 inglorius
795 478 883 537 armis

192 575 287 651 exigat
303 576 350 633 hic
365 593 478 633 aevum.
522 575 632 650 Magna
645 573 764 632 dicione
778 575 878 634 iubeto

193 673 343 749 Karthago
357 682 470 748 premat
485 672 664 730 Ausoniam:
688 672 760 730 nihil
774 673 894 732 urbibus
908 672 978 734 inde

191 772 318 831 obstabit
332 771 435 846 Tyriis.
481 770 562 844 Quid
576 779 691 845 pestem
706 769 830 828 evadere
845 772 914 830 belli

192 871 261 928 iuvit
276 881 305 928 et
321 869 472 946 Argolicos
487 867 618 927 medium
635 869 741 944 fugisse
756 887 809 944 per
822 868 904 946 ignes

192 979 293 1044 totque
309 969 395 1026 maris
410 977 566 1042 vastaeque
583 966 724 1025 exhausta
738 967 868 1044 pericula
881 980 982 1042 terrae,

192 1067 264 1124 dum
280 1067 395 1126 Latium
410 1066 516 1125 Teucri
530 1064 717 1139 recidivaque
735 1067 875 1140 Pergama
888 1069 1050 1143 quaerunt?

193 1167 261 1223 Non
278 1166 366 1224 satius
381 1165 493 1223 cineres
508 1165 617 1239 patriae
633 1163 775 1222 insedisse
789 1183 941 1239 supremos

193 1273 279 1338 atque
295 1265 398 1335 solum,
414 1282 473 1338 quo
487 1264 576 1321 Troia
590 1263 663 1320 suit?
694 1264 843 1322 Xanthum
858 1273 888 1321 et
901 1265 1050 1323 Simoenta

192 1361 293 1433 redde,
309 1380 370 1433 oro,
386 1361 497 1419 miseris
512 1361 674 1436 iterumque
690 1361 837 1419 revolvere
852 1380 936 1420 casus

193 1458 240 1531 da,
255 1469 346 1534 pater,
363 1459 469 1517 Iliacos
484 1459 626 1516 Teucris!
668 1460 747 1517 Tum
761 1459 841 1535 regia
855 1459 931 1518 luno

192 1568 258 1614 acta
271 1557 365 1616 lurore
380 1558 477 1632 gravi:
502 1556 600 1630 ‘Quid
617 1575 664 1614 me
680 1557 738 1614 alta
752 1557 865 1615 silentia
877 1558 959 1632 cogis

97 1709 99 1716 ,
192 1673 326 1729 rumpere
342 1664 370 1712 et
386 1654 549 1712 obductum
563 1654 658 1712 verbis
673 1655 789 1729 volgare
804 1653 958 1713 dolorem?

194 1755 313 1810 Aenean
329 1752 481 1810 hominum
497 1753 651 1827 quisquam
667 1752 825 1826 divomque
840 1751 955 1827 subegit

193 1850 269 1908 bella
283 1851 365 1925 sequi
380 1859 429 1907 aut
444 1850 559 1908 hostem
573 1851 634 1925 regi
650 1870 681 1908 se
697 1851 801 1908 inferre
817 1851 943 1908 Latino?

112 1936 115 1944 ’
194 1947 307 2006 Italiam
321 1948 405 2024 petiit
419 1948 483 2006 latis
498 1949 674 2018 auctoribus,
692 1960 765 2019 est0,

194 2045 378 2104 Cassandrae
394 2046 525 2120 inpulsus
541 2047 637 2103 furiis:
661 2065 733 2103 num
747 2046 878 2122 linquere
894 2055 987 2104 castra

194 2145 297 2203 hortati
313 2164 411 2203 sumus
427 2154 476 2202 aut
490 2145 578 2202 vitam
595 2145 779 2202 committere
794 2145 907 2202 ventis?

195 2244 275 2300 Num
290 2261 381 2318 puero
396 2261 541 2300 summam
557 2243 633 2313 belli,
649 2262 721 2300 num
737 2242 856 2300 credere
870 2261 969 2301 muros

193 2341 432 2416 Tyrrhenamque
447 2340 546 2412 fidem,
563 2351 612 2399 aut
627 2341 722 2416 gentis
737 2341 844 2416 agitare
859 2341 993 2415 quietas?

195 2439 267 2513 Quis
283 2439 355 2496 deus
369 2440 399 2496 in
414 2438 556 2511 fraudem,
573 2458 648 2514 quae
664 2439 737 2496 dura
751 2439 882 2514 potentia
896 2448 993 2496 nostra

194 2539 274 2613 egit?
314 2538 374 2596 Ubi
389 2538 436 2594 hic
454 2539 528 2595 luno
544 2537 708 2596 demissave
724 2538 849 2595 nubibus
865 2537 939 2594 Iris?

196 2636 353 2712 Indignum
368 2647 412 2694 est
427 2637 517 2694 Italos
531 2637 651 2695 Troiam
668 2636 849 2694 circumdare
864 2635 987 2693 flammis

194 2744 365 2792 nascentem
381 2743 410 2792 et
424 2735 517 2809 patria
531 2736 663 2792 Turnum
679 2735 838 2793 consistere
854 2744 936 2805 terra,

195 2833 241 2889 cui
258 2831 406 2890 Pilumnus
420 2851 498 2904 avus,
514 2834 562 2892 cui
577 2833 645 2892 diva
659 2834 773 2890 Venilia
788 2841 897 2889 mater:

195 2930 265 3005 quid
281 2931 344 2987 lace
360 2932 502 2990 Troianos
517 2944 577 2992 atra
593 2935 649 2991 vim
666 2934 739 2991 serre
756 2932 874 3001 Latinis,

194 3048 262 3086 arva
276 3028 370 3086 aliena
384 3030 453 3106 iugo
468 3050 600 3107 premere
615 3041 704 3107 atque
719 3039 849 3088 avertere
866 3028 1011 3104 praedas?

196 3126 276 3200 Quid
293 3146 410 3186 soceros
424 3128 521 3204 legere
536 3140 566 3188 et
579 3129 695 3206 gremiis
709 3128 855 3188 abducere
870 3137 979 3202 pactas,

194 3243 300 3301 pacem
315 3245 396 3285 orare
412 3247 509 3300 manu,
525 3228 683 3305 praefigere
700 3229 847 3304 puppibus
862 3227 962 3284 arma?

195 3326 240 3383 Tu
257 3336 341 3401 potes
357 3329 478 3385 Aenean
493 3328 626 3387 manibus
641 3327 805 3385 subducere
821 3326 942 3386 Graium

195 3443 306 3500 proque
321 3425 383 3482 viro
398 3425 534 3483 nebulam
549 3435 578 3482 et
592 3435 695 3483 ventos
710 3423 873 3483 obtendere
888 3422 991 3493 inanis,

195 3533 226 3581 tu
241 3533 325 3599 potes
341 3523 370 3580 in
385 3521 508 3579 totidem
523 3522 645 3580 classem
660 3531 830 3580 convertere
844 3521 1005 3597 nymphas:

195 3639 250 3680 nos
264 3618 374 3695 aliquid
389 3617 513 3676 Rutulos
528 3628 630 3676 contra
644 3619 748 3677 iuvisse
762 3618 923 3677 nefandum
937 3619 1003 3676 est?

195 3723 312 3778 Aeneas
326 3716 441 3792 ignarus
457 3716 556 3773 abest:
579 3715 695 3789 ignarus
710 3727 740 3774 et
754 3717 837 3775 absit.

196 3817 249 3873 Est
264 3814 380 3887 Paphus
397 3812 578 3884 Idaliumque
594 3813 654 3880 tibi,
670 3822 737 3867 sunt
751 3813 808 3868 alta
821 3813 966 3885 Cythera:
