2742 4284
153 317 215 366 120
241 304 244 310 ’
440 301 470 362 Τ
465 301 506 364 lie
531 300 674 383 Cavalry
698 301 911 383 Approaclzes.

148 487 222 544 Tros
238 487 395 562 Italusque,
410 488 480 546 mihi
496 489 601 562 pariter
616 487 667 544 det
681 489 822 563 sanguine
836 473 963 562 poenas(
1027 505 1031 511 ·

149 586 218 641 Post
232 603 288 660 ego
302 584 380 642 nube
396 603 468 642 cava
482 584 665 644 miserandae
678 603 785 659 corpus
800 595 829 643 et
844 605 926 644 arma

148 683 301 756 inspoliata
315 683 405 740 feram
419 682 531 740 tumulo
545 682 715 758 patriaeque
731 686 892 756 reponam!

148 780 248 852 Dixit3
271 789 300 836 at
314 780 361 838 illa
375 780 445 838 levis
460 780 533 838 caeli
548 779 669 856 delapsa
684 799 736 855 per
749 799 833 838 auras

148 878 284 948 insonuit,
301 878 383 952 nigro
399 878 579 937 circumdata
593 878 708 936 turbine
723 896 839 953 corpus.

188 978 226 1033 At
241 994 344 1033 manus
359 975 470 1033 interea
485 976 573 1034 muris
587 976 714 1032 Troiana
728 976 906 1050 propinquat

147 1073 321 1147 Etruscique
337 1072 428 1130 duces
444 1074 633 1147 equitumque
650 1074 793 1130 exercitus
808 1074 912 1145 omnis,
989 1059 992 1061 Δ

147 1170 303 1245 compositi
317 1189 440 1228 numero
454 1171 484 1227 in
500 1181 616 1228 turmas.
662 1170 770 1227 Fremit
783 1188 910 1244 aequore
925 1180 988 1230 toto

147 1268 288 1325 insultans
302 1269 420 1342 sonipes
435 1277 465 1326 et
479 1268 584 1342 pressis
599 1278 708 1343 pugnat
724 1267 844 1326 habenis

147 1365 206 1423 huc
221 1384 379 1423 conversus
393 1376 423 1423 et
437 1366 514 1438 huc3
537 1375 598 1424 tum
614 1367 670 1424 late
686 1367 793 1424 ferreus
807 1366 896 1424 hastis

147 1463 244 1520 horret
259 1482 327 1538 ager
341 1464 497 1538 campique
513 1464 599 1521 armis
615 1463 785 1522 sublimibus
800 1463 911 1523 ardent.

148 1561 288 1618 Necnon
304 1563 458 1636 Messapus
474 1572 576 1619 contra
591 1562 759 1637 celeresque
776 1563 872 1620 Latini

147 1670 176 1716 et
191 1659 358 1716 cumfratre
374 1660 465 1717 Coras
481 1668 510 1715 et
524 1660 640 1734 virginis
655 1661 702 1717 ala
715 1660 856 1718 Camillae

147 1755 259 1814 adversi
274 1775 382 1831 campo
399 1767 539 1831 apparent
555 1755 712 1832 hastasque
726 1757 853 1815 reductis

146 1854 325 1930 protendunt
339 1853 426 1929 longe
442 1853 550 1934 dextris
566 1864 595 1912 et
609 1855 721 1930 spicula
735 1856 857 1927 vibrant,

146 1951 347 2026 adventusque
362 1952 455 2008 virum
470 1951 659 2027 fremitusque
673 1952 802 2012 ardescit
815 1972 966 2028 equorum.

149 2052 272 2125 Iamque
288 2051 361 2107 intra
375 2051 485 2107 iactum
500 2051 549 2108 teli
565 2070 734 2126 progressus
749 2062 870 2126 uterque

146 2149 329 2207 substiterat:
352 2149 449 2206 subito
464 2160 620 2223 erumpunt
634 2150 762 2208 clamore
776 2150 954 2224 furentisque

147 2246 334 2304 exhortantur
348 2264 439 2321 equos
451 2268 459 2318 ;
482 2245 607 2304 fundunt
621 2247 708 2306 simul
721 2247 851 2322 undique
864 2248 924 2305 tela

147 2344 248 2401 crebra
261 2344 334 2400 nivis
348 2345 403 2401 ritu
419 2345 591 2419 caelumque
607 2345 754 2404 obtexitur
767 2346 877 2403 umbra.

147 2441 296 2500 Continuo
310 2441 438 2500 adversis
452 2442 618 2517 Tyrrhenus
633 2453 664 2500 et
676 2461 746 2501 acer
760 2446 909 2501 Aconteus

146 2540 243 2597 conixi
258 2541 407 2598 incurrunt
422 2540 509 2597 hastis
524 2541 667 2614 primique
682 2542 765 2598 ruina

146 2638 217 2696 dant
232 2639 359 2696 sonitum
376 2639 485 2713 ingenti
501 2639 703 2714 perfractaque
718 2639 994 2713 quadrupedantum

146 2745 266 2810 pectora
280 2736 448 2810 pectoribus
463 2746 619 2810 rumpunt:
644 2755 784 2794 excussus
798 2738 948 2794 Aconteus

145 2833 271 2891 fulminis
286 2834 315 2890 in
331 2853 443 2890 morem
458 2843 508 2891 aut
522 2844 669 2891 tormento
684 2833 823 2908 ponderis
836 2834 895 2890 acti

146 2930 317 3006 praecipitat
332 2931 416 3006 longe
432 2940 461 2987 et
475 2930 564 2987 vitam
579 2930 719 3006 dispergit
734 2932 868 2988 inauras.

147 3028 303 3102 Extemplo
319 3029 449 3086 turbatae
465 3029 553 3099 acies,
568 3029 702 3103 versique
718 3029 814 3086 Latini

145 3127 268 3184 reiciunt
285 3145 400 3202 parmas
416 3138 445 3184 et
460 3145 551 3201 equos
566 3126 604 3184 ad
619 3116 737 3185 moenia
751 3137 874 3184 vertunt.

88 3269 90 3273 ,
144 3225 236 3282 Troes
252 3233 350 3298 agunt,
368 3225 503 3299 princeps
518 3234 626 3282 turmas
642 3224 755 3281 inducit
770 3225 870 3282 Asilas.
919 3272 921 3275 .

146 3325 268 3397 Iamque
284 3322 521 3397 propinquabant
537 3323 635 3397 portis,
650 3341 805 3397 rursusque
822 3324 917 3380 Latini

145 3421 302 3477 clamorem
318 3420 424 3478 tollunt
440 3431 470 3477 et
484 3420 582 3477 mollia
597 3421 672 3478 colla
685 3420 857 3478 reflectunt:

145 3519 174 3575 hi
191 3518 303 3594 fugiunt
319 3519 495 3593 penitusque
510 3517 584 3575 datis
599 3519 762 3576 referuntur
776 3518 905 3577 habenis.

146 3616 246 3690 Qualis
262 3615 312 3675 ubi
326 3617 437 3674 alterno
453 3634 626 3691 procurrens
641 3617 752 3692 gurgite
767 3627 875 3691 pontus

145 3733 224 3772 nunc
238 3715 294 3771 ruit
309 3714 347 3772 ad
361 3723 466 3774 terram
482 3716 677 3788 scopulusque
693 3715 848 3788 superiacit
863 3716 944 3773 unda

354 3842 388 3875 ⁸⁰¹
399 3844 513 3888 obversus.
529 3845 586 3888 Eds.
789 3845 821 3877 ⁸2⁵
831 3850 915 3890 terras.
932 3846 989 3890 Eds.

1084 315 1204 378 [AExurn.
