2742 4284
174 329 232 390 182
504 321 592 404 Italy
613 321 705 385 Most
726 320 882 385 Favored.

170 512 278 572 arboris
292 509 372 572 haud
386 509 460 569 ullae
474 508 553 566 iactu
567 517 689 584 potuere
703 508 846 583 sagittae?

171 613 209 670 Et
223 629 295 687 gens
309 609 356 668 illa
370 608 492 684 quidem
506 607 630 683 sumptis
646 624 708 664 non
721 605 805 663 tarda
818 605 968 681 pharetris.

64 728 67 734 ·
171 709 272 767 Media
286 710 340 766 fert
354 707 440 765 tristis
455 724 542 765 sucos
557 704 732 779 tardumque
747 721 882 779 saporem
919 756 922 762 .

169 807 259 864 felicis
275 806 350 877 mali,
366 823 425 879 quo
441 822 501 861 non
516 802 695 878 praesentius
710 803 809 874 ullum,

169 904 276 980 pocula
289 902 434 979 siquando
449 919 552 959 saevae
567 899 694 959 infecere
709 917 861 971 novercae,

168 1003 305 1060 auxilium
319 1001 397 1059 venit
412 1019 446 1057 ac
463 998 600 1057 membris
611 998 669 1074 agit
684 1007 746 1055 atra
759 1016 880 1055 venena

169 1103 237 1176 Ipsa
251 1101 354 1175 ingens
369 1099 454 1156 arbos
469 1097 633 1171 faciemque
649 1095 793 1153 simillima
807 1096 907 1168 lauro;

169 1209 206 1269 et,
223 1200 320 1256 sinon
336 1198 424 1254 alium
439 1197 495 1254 late
513 1196 631 1253 iactaret
647 1194 779 1266 odorem,
953 1179 956 1184 ’

169 1299 263 1355 laurus
278 1306 356 1354 erat:
379 1295 448 1353 folia
462 1293 541 1351 haud
556 1293 619 1351 ullis
633 1293 761 1351 labentia
776 1292 888 1365 ventis,

168 1395 222 1454 flos
237 1394 275 1453 ad
290 1395 384 1469 prima
397 1407 504 1465 tenax,
526 1392 637 1449 animas
651 1400 681 1448 et
695 1390 804 1447 olentia
818 1388 901 1447 Medi

168 1514 219 1552 ora
233 1495 334 1552 fovent
348 1493 396 1550 illo
411 1501 441 1549 et
455 1491 572 1550 senibus
587 1487 771 1546 medicantur
783 1489 903 1547 anhelis.

208 1592 266 1652 Sed
281 1609 377 1667 neque
393 1588 550 1647 Medorum
565 1587 652 1645 silvae
667 1584 809 1644 ditissima
823 1596 898 1643 terra

169 1709 224 1749 nec
239 1690 361 1765 pulcher
375 1688 493 1762 Ganges
508 1694 594 1760 atque
609 1702 679 1742 auro
694 1683 826 1742 turbidus
841 1685 970 1741 Hermus

168 1788 301 1846 laudibus
317 1786 416 1844 Italiae
433 1793 553 1854 certent,
568 1800 628 1840 non
643 1783 749 1840 Bactra
762 1799 858 1856 neque
874 1780 941 1838 Indi

168 1896 287 1960 totaque
302 1884 423 1942 turiferis
440 1881 586 1940 Panchaia
600 1880 716 1956 pinguis
731 1881 835 1938 arenis.

170 1986 257 2042 Haec
272 1984 338 2042 loca
353 2001 413 2040 non
428 1980 500 2038 tauri
516 1980 656 2055 spirantes
672 1979 789 2037 naribus
803 1978 901 2054 ignem

169 2083 309 2140 invertere
325 2081 392 2138 satis
408 2079 541 2137 immanis
557 2076 694 2135 dentibus
710 2076 802 2152 hydri,

169 2199 224 2238 nec
239 2180 327 2254 galeis
342 2177 499 2252 densisque
514 2177 606 2234 virum
621 2193 705 2250 seges
720 2175 830 2232 horruit
844 2174 952 2246 hastis;

169 2277 222 2336 sed
237 2276 372 2352 gravidae
387 2276 482 2351 fruges
497 2285 526 2332 et
541 2273 650 2332 Bacchi
668 2273 812 2331 Massicus
827 2291 911 2330 umor

169 2376 345 2451 implevere,
367 2382 468 2432 tenent
482 2373 564 2430 oleae
579 2382 769 2444 armentaque
783 2371 867 2428 laeta.

171 2475 252 2532 Hinc
266 2474 387 2533 bellator
401 2491 493 2547 equus
509 2489 615 2545 campo
630 2489 694 2526 sese
709 2468 816 2527 arduus
833 2469 935 2542 infert3

170 2573 238 2631 hinc
252 2572 318 2643 albi,
334 2571 490 2642 Clitunrne,
506 2590 607 2646 greges
622 2580 651 2627 et
666 2569 793 2627 maxima
806 2580 903 2627 taurus

169 2671 295 2742 victima,
310 2688 398 2745 saepe
413 2679 464 2727 tuo
480 2669 586 2744 perfusi
601 2669 720 2727 flumine
735 2687 828 2738 sacro,

170 2771 323 2827 Romanos
338 2767 376 2825 ad
392 2768 501 2842 templa
515 2767 605 2825 deum
620 2766 729 2825 duxere
745 2766 915 2841 triumphos.

171 2867 232 2923 Hic
246 2885 296 2923 ver
309 2865 465 2923 adsiduum
480 2875 567 2940 atque
583 2865 683 2923 alienis
698 2865 846 2922 mensibus
861 2873 974 2921 aestas:

169 2965 213 3023 bis
227 2963 362 3040 gravidae
378 2962 518 3038 pecudeS,
534 2963 577 3020 bis
592 2963 688 3038 pomis
703 2962 779 3020 utilis
793 2962 887 3019 arbos,

170 3065 208 3119 At
221 3061 338 3120 rabidae
354 3061 440 3137 tigres
455 3062 559 3119 absunt
574 3071 603 3118 et
617 3079 704 3118 saeva
718 3061 835 3118 leonum

170 3160 290 3230 semina,
305 3177 361 3216 nec
376 3159 497 3216 miseros
511 3158 612 3217 fallunt
626 3159 743 3216 aconita
757 3157 888 3232 legentis,

170 3276 226 3315 nec
240 3258 313 3333 rapit
328 3258 488 3315 immensos
503 3257 580 3315 orbis
595 3276 648 3333 per
662 3257 792 3329 humum,
808 3272 905 3330 neque
920 3263 1003 3311 tanto

170 3374 325 3430 squameus
340 3355 370 3412 in
385 3355 491 3430 spiram
506 3365 599 3411 tractu
614 3374 645 3412 se
660 3355 767 3429 colligit
783 3353 893 3429 anguis

170 3453 256 3512 Adde
271 3462 314 3510 tot
329 3454 458 3528 egregias
472 3453 558 3510 urbes
573 3470 753 3527 operumque
769 3452 908 3521 laborem,

170 3562 214 3610 tot
229 3561 368 3626 congesta
382 3569 470 3608 manu
485 3551 647 3625 praeruptis
662 3548 774 3625 oppida
787 3549 862 3607 saxis

170 3649 348 3724 fluminaque
363 3648 499 3723 antiquos
513 3657 614 3722 supter
627 3647 754 3706 labentia
768 3666 874 3705 muros.

172 3843 403 3921 marcueruntque
416 3841 522 3897 herbas
537 3847 567 3897 et
579 3859 636 3897 non
651 3840 777 3897 innoxia
791 3839 887 3896 verba.

1068 327 1223 394 [Guoaoroe
