2742 4284
175 329 219 390 44
465 309 569 373 Venus
591 309 718 392 Brings
740 309 794 372 tlte
815 311 943 375 Amor.
1106 321 1234 386 [AEnarn.

176 495 269 570 qualis
283 494 334 554 ubi
348 494 463 556 Oceani
477 495 608 571 perfusus
625 495 741 552 Lucifer
754 496 842 566 unda,

175 611 265 668 quem
280 593 380 650 Venus
394 602 462 650 ante
477 593 548 650 alios
564 601 706 650 astrorum
721 592 814 668 diligit
828 594 911 669 ignis,

176 690 277 748 extulit
292 709 325 748 os
339 709 455 748 sacrum
469 691 552 748 caelo
567 690 762 766 tenebrasque
777 692 900 750 resolvit.

175 788 256 847 Stant
272 787 396 863 pavidae
410 787 440 845 in
455 787 543 844 muris
559 797 664 846 matres
679 789 831 864 oculisque
845 802 1004 865 sequuntur

175 885 342 962 pulveream
357 885 466 943 nubem
482 895 511 943 et
526 885 661 960 fulgentis
677 903 743 942 aere
758 897 896 944 catervas.

177 983 235 1043 Olli
249 1002 301 1058 per
315 983 430 1054 dumos
446 1001 504 1058 qua
518 999 660 1057 proxuma
676 993 755 1039 meta
767 984 885 1055 viarum,

176 1082 276 1138 armati
292 1081 436 1152 tendunt;
457 1079 479 1137 it
495 1080 614 1151 clamor,
631 1091 660 1138 et
675 1081 791 1155 agmine
805 1082 884 1140 facto

176 1177 416 1254 quadrupedante
432 1187 547 1252 putrem
561 1179 657 1236 sonitu
673 1179 765 1253 quatit
779 1181 886 1255 ungula
900 1199 1046 1257 campum.

178 1277 230 1333 Est
244 1276 345 1351 ingens
361 1275 489 1353 gelidum
505 1276 587 1334 lucus
603 1294 695 1351 prope
710 1278 833 1335 Caeritis
846 1297 975 1349 amnem,

175 1373 313 1448 religione
328 1383 443 1449 patrum
458 1374 515 1430 late
532 1391 633 1445 sacer;
656 1374 786 1449 undique
801 1377 890 1435 colles
925 1415 935 1430 .

175 1471 318 1530 inclusere
333 1472 397 1528 cavi
413 1481 443 1528 et
458 1472 539 1546 nigra
553 1489 657 1528 nemus
671 1473 767 1530 abiete
783 1475 911 1549 cingunt.

175 1569 290 1630 Silvano
304 1570 382 1627 fama
396 1579 440 1628 est
454 1580 566 1626 veteres
581 1589 710 1628 sacrasse
727 1572 872 1647 Pelasgos,

174 1687 308 1728 arvorum
323 1669 497 1744 pecorisque
513 1667 581 1738 deo,
597 1667 755 1743 lucumque
771 1670 919 1746 diemque,

174 1767 225 1843 qui
239 1768 324 1842 primi
339 1767 404 1823 finis
420 1765 579 1841 aliquando
594 1766 722 1824 habuere
739 1769 876 1826 Latinos:

175 1865 253 1922 haud
268 1865 369 1940 procul
385 1865 453 1922 hinc
467 1864 584 1922 Tarcho
599 1875 627 1921 et
641 1865 783 1940 Tyrrheni
798 1876 860 1924 tuta
873 1868 1013 1926 tenebant

174 1972 268 2020 castra
282 1963 363 2033 IociS,
379 1963 518 2037 celsoque
534 1964 629 2019 omnis
644 1962 682 2020 de
698 1964 773 2021 colle
788 1963 879 2021 videri

174 2062 231 2118 iam
247 2069 360 2136 poterat
375 2061 452 2135 legio
467 2071 496 2117 et
511 2061 574 2117 latis
590 2046 774 2119 tendebat'in
789 2064 871 2120 arvis.

176 2160 245 2215 Huc
260 2169 342 2233 pater
356 2151 471 2215 Aeneas
487 2168 516 2214 et
530 2158 607 2215 bello
622 2158 698 2216 lecta
712 2160 844 2219 iuventus

173 2255 338 2313 succedunt
352 2256 478 2330 fessique
495 2266 524 2312 et
539 2273 631 2330 equos
646 2267 676 2313 et
690 2276 816 2332 corpora
829 2271 941 2318 curant.

107 2429 110 2434 ,
215 2357 252 2412 At
266 2355 365 2411 Venus
380 2353 525 2411 aetherios
540 2354 615 2410 inter
630 2353 686 2411 dea
701 2353 828 2413 eandida
842 2358 958 2415 nimbos

173 2452 253 2510 dona
266 2452 362 2509 ferens
376 2450 495 2522 aderat3
518 2463 677 2526 natumque
693 2454 723 2509 in
738 2453 809 2510 valle
825 2453 946 2510 reducta

172 2560 204 2609 ut
221 2551 324 2626 procul
338 2550 454 2624 egelido
471 2561 616 2607 secretum
632 2550 752 2608 flumine
767 2552 848 2621 vidit,

173 2651 277 2707 talibus
292 2641 390 2706 adfata
404 2659 447 2704 est
463 2647 549 2704 dictis
565 2666 655 2721 seque
670 2650 774 2706 obtulit
788 2651 881 2708 ultro:

174 2753 181 2778 ⁴
194 2749 240 2805 En
255 2747 385 2822 perfecta
399 2747 456 2802 mei
472 2746 614 2820 promissa
625 2748 757 2820 coniugis
772 2759 832 2806 arte

173 2865 302 2916 munera,
318 2864 355 2902 ne
371 2864 440 2903 rnox
455 2854 504 2902 aut
521 2845 680 2914 Laurentis,
697 2855 774 2914 nate,
789 2846 931 2921 superbos

172 2954 222 3002 ant
236 2962 333 3001 aerem
349 2943 463 3001 dubites
480 2945 509 3000 in
524 2942 633 3017 proelia
647 2961 769 3016 poscere
783 2943 935 2999 Turnum!

173 3042 253 3099 Dixit
268 3051 298 3099 et
311 3042 462 3116 amplexus
478 3041 538 3098 nati
554 3040 699 3114 Cytherea
713 3040 822 3113 petivit,

171 3159 252 3198 arma
266 3140 320 3198 sub
335 3140 456 3197 adversa
471 3140 568 3215 posuit
584 3138 726 3196 radiantia
739 3123 870 3212 quercu.¹

173 3238 234 3309 ille,
250 3238 324 3296 deae
340 3238 425 3296 donis
440 3247 470 3295 et
484 3248 565 3295 tanto
580 3238 671 3294 laetus
687 3235 806 3306 honore,

171 3337 281 3412 expleri
296 3336 396 3410 nequit
411 3346 497 3409 atque
513 3335 614 3392 oculos
629 3353 682 3409 per·
696 3335 807 3408 singula
821 3336 908 3392 volvit

171 3434 348 3508 miraturque
363 3434 495 3508 interque
511 3451 613 3490 manus
629 3443 658 3489 et
673 3432 811 3490 bracchia
825 3443 917 3489 versat

170 3531 326 3590 terribilem
341 3531 433 3588 cristis
448 3532 560 3605 galeam
576 3532 765 3605 flammasque
782 3541 950 3587 vomentem

171 3629 373 3701 fatiferumque
388 3646 497 3698 ensem,
513 3629 632 3686 loricam
649 3647 684 3685 ex
700 3647 765 3685 aere
781 3630 924 3702 rigentem

170 3726 361 3800 sanguineam
375 3725 534 3800 ingentem,
549 3726 640 3800 qualis
655 3744 723 3782 cum
739 3724 853 3781 caemla
867 3727 959 3782 nubes

257 3853 420 3910 ⁶1⁰etgelido.
442 3854 470 3899 C.
500 3854 610 3910 ecgelido.
631 3855 660 3898 R.
905 3854 938 3885 Μ
953 3857 1087 3901 minantem·
1107 3857 1136 3902 R.
