2742 4284
193 313 231 375 32
423 296 487 357 The
512 295 608 376 Tlreft
629 297 669 378 os
690 294 792 359 Cacus
807 297 1012 361 Dzscovered.
1120 308 1246 372 [AEurrn.

191 482 301 540 viscera
315 489 391 539 tosta
405 481 500 540 lerunt
513 490 661 540 taurorum
675 493 855 556 onerantque
871 482 1000 540 canistris
1204 484 1250 527 18⁰

192 579 273 638 dona
287 569 432 638 laboratae
448 579 561 638 Cereris
577 579 785 654 Bacchumque
800 580 969 638 ministrant.

192 677 327 736 Vescitur
341 680 456 735 Aeneas
470 677 555 734 simul
570 687 598 733 et
612 677 740 734 Troiana
754 677 885 735 iuventus

193 775 326 852 perpetui
341 785 422 849 tergo
437 773 519 832 bovis
535 784 563 831 et
579 774 738 832 lustralibus
753 775 834 831 extis.

235 879 392 950 Postquam
407 883 544 947 exempta
559 873 649 929 sames
665 881 695 928 et
709 891 791 929 amor
805 891 989 950 compressus
1004 874 1121 945 edendi,

192 995 243 1034 rex
259 973 413 1032 Euandrus
428 972 484 1028 ait:
509 976 515 1000 ⁴
529 971 556 1028 N
559 989 599 1027 on
614 971 688 1028 haec
702 971 854 1029 sollemnia
868 973 962 1042 nobis,

193 1075 245 1132 has
260 1092 296 1131 ex
312 1091 391 1129 more
407 1071 507 1145 dapeS,
523 1069 599 1128 hanc
615 1069 686 1127 tanti
702 1071 829 1128 numinis
845 1089 924 1128 aram

193 1191 267 1230 vana
281 1171 446 1246 superstitio
460 1179 649 1245 veterumque
666 1170 766 1244 ignara
780 1169 902 1237 deorum
924 1174 928 1181 '

193 1270 338 1344 inposuit:
362 1268 463 1339 saeviS,
479 1268 586 1343 hospes
600 1268 735 1339 Troiane,
753 1269 866 1342 periclis

193 1368 297 1426 servati
313 1367 434 1424 facimus
449 1367 625 1441 meritosque
641 1384 783 1424 novamus
799 1366 932 1424 honores.

194 1467 258 1524 Iam
274 1466 399 1540 primum
414 1465 489 1522 saxis
503 1481 676 1538 suspensam
691 1464 768 1522 hanc
782 1464 880 1539 aspice
895 1482 1007 1539 rupem,

194 1563 333 1622 disiectae
348 1562 451 1638 procul
464 1572 496 1620 ut
511 1562 603 1620 moles
618 1561 793 1639 desertaque
808 1563 915 1620 montis

193 1672 248 1720 stat
263 1660 368 1720 domus
383 1670 412 1718 et
427 1660 539 1734 scopuli
554 1661 703 1735 ingentem
718 1670 830 1718 traxere
844 1661 966 1718 ruinam.

194 1761 254 1817 Hic
269 1759 485 1834 speluncaluit,
499 1769 581 1816 vasto
596 1769 743 1816 summota
756 1777 882 1828 recessu,

192 1857 392 1932 semihominis
408 1856 479 1915 Caci
495 1856 581 1913 lacies
597 1875 685 1931 quam
700 1857 762 1914 dira
776 1857 902 1927 tenebat,

193 1955 260 2013 solis
275 1955 457 2012 inaccessam
472 1954 578 2025 radiis;
601 1971 775 2030 semperque
790 1955 899 2011 recenti

193 2050 285 2109 caede
301 2053 419 2127 tepebat
434 2053 548 2122 humus,
564 2052 732 2128 foribusque
746 2051 843 2109 adfixa
856 2053 987 2126 superbis

192 2169 243 2208 ora
256 2150 347 2206 virum
363 2150 435 2207 tristi
449 2149 619 2224 pendebant
634 2149 741 2224 pallida
755 2151 832 2208 tabu.

192 2249 273 2306 Huic
288 2257 418 2305 monstro
432 2248 581 2305 Volcanus
596 2258 657 2305 erat
672 2258 771 2323 pater:
795 2249 868 2306 illius
883 2258 958 2304 atros

192 2365 242 2403 ore
257 2364 379 2403 vomens
394 2346 467 2420 ignis
483 2363 588 2420 magna
603 2365 633 2402 se
650 2347 726 2403 mole
744 2347 860 2404 ferebat.

192 2444 294 2501 Attulit
308 2453 337 2500 et
351 2444 435 2501 uobis
450 2444 608 2517 aliquando
624 2444 791 2517 optantibus
805 2455 887 2501 aetas

192 2536 329 2598 auxilium
344 2540 561 2616 adventumque
577 2541 634 2598 dei.
679 2543 757 2598 Nam
772 2542 914 2599 maximus
928 2542 1012 2610 ultor,

191 2640 345 2715 tergemini
359 2657 434 2696 nece
449 2641 603 2713 Geryonae
619 2641 777 2713 spoliisque
792 2640 941 2714 superbus,

192 2737 310 2794 Alcides
325 2737 424 2794 aderat
439 2748 595 2811 taurosque
612 2738 667 2793 hac
682 2739 776 2794 victor
791 2737 894 2811 agebat

191 2836 326 2910 ingentis,
342 2835 503 2908 vallemque
519 2836 608 2892 boves
624 2853 799 2909 amnemque
815 2836 961 2891 tenebant.

191 2937 230 2991 At
244 2934 321 2991 furiis
335 2933 407 2992 Caci
422 2951 505 2990 mens
520 2932 615 3002 effera,
632 2933 743 3006 nequid
759 2934 890 2989 inausum

192 3041 241 3090 aut
256 3033 439 3089 intractatum
455 3031 607 3089 scelerisve
623 3031 719 3088 dolive
736 3032 844 3101 luisset,

191 3141 327 3205 quattuor
341 3131 486 3188 astabulis
501 3131 658 3204 praestanti
675 3147 798 3204 corpore
813 3138 909 3186 tauros

191 3230 301 3300 avertit,
317 3228 441 3286 totidem
456 3229 550 3286 forma
564 3238 720 3302 superante
735 3229 894 3298 iuvencas;

191 3340 277 3403 atque
293 3327 355 3398 hos,
371 3346 469 3402 nequa
484 3328 577 3384 loreut
592 3326 718 3400 pedibus
733 3325 853 3398 vestigia
868 3325 961 3395 rectis,

192 3427 286 3485 cauda
301 3428 328 3484 in
344 3426 514 3500 speluncam
530 3435 636 3482 tractos
650 3424 796 3498 versisque
811 3423 919 3478 viarum

191 3524 305 3583 indiciis
319 3534 417 3598 raptos
432 3541 503 3579 saxo
518 3523 684 3580 occultabat
701 3539 815 3596 opaco:

190 3621 342 3698 quaerenti
355 3621 433 3696 nulla
448 3621 485 3676 ad
500 3619 671 3694 speluncam
686 3619 768 3693 signa
783 3619 922 3676 ferebant.

191 3721 315 3788 Interea,
332 3738 399 3775 cum
416 3719 473 3776 iam
488 3717 605 3776 stabulis
620 3725 745 3776 saturata
760 3727 890 3773 moveret

307 3835 340 3867 ¹⁹8
356 3835 465 3879 mbmota.
482 3835 514 3878 H.
608 3833 638 3866 ¹⁹⁷
653 3833 780 3890 squallida.
797 3833 853 3876 Eds.
946 3832 979 3864 2¹1
995 3838 1083 3889 raptor.
1101 3833 1128 3876 R.
