2742 4284
162 311 295 374 x11.815.]
417 379 423 392 .
456 301 551 380 suno
565 303 709 386 Appeals
733 315 763 366 to
775 304 919 387 Jupiter.

162 489 269 546 viribus
284 487 364 546 haud
379 488 442 545 ullis
458 489 545 546 valuit
560 489 726 548 discludere
741 509 854 550 morsus

161 585 274 644 roboris
289 588 413 643 Aeneas.
457 587 537 644 Dum
551 587 650 646 nititur
664 607 733 646 acer
746 599 777 648 et
790 589 886 662 instat,

161 703 257 742 rursus
272 684 302 740 in
316 683 431 759 aurigae
446 683 551 742 faciem
566 694 676 743 mutata
690 687 808 746 Metisci

161 784 303 862 procurrit
318 781 453 856 fratrique
469 800 570 840 ensem
585 781 642 840 dea
658 784 773 842 Daunia
788 784 894 844 reddit.

163 881 254 958 Quod
267 883 368 938 Venus
383 879 490 937 audaci
504 880 651 956 nymphae
667 879 818 957 indignata
831 883 919 941 licere

161 980 289 1040 adcessit
304 979 453 1054 telumque
470 977 527 1034 alta
541 977 579 1034 ab
593 976 693 1035 radice
707 979 825 1040 revellit.

162 1079 220 1138 Olli
234 1078 371 1137 sublimes
385 1076 472 1133 armis
487 1075 650 1150 animisque
665 1075 775 1148 resecti,

162 1179 209 1236 hic
223 1177 321 1254 gladio
335 1175 439 1246 fidens,
455 1174 503 1232 hic
518 1192 586 1231 acer
601 1183 630 1231 et
645 1173 752 1231 arduus
766 1174 858 1247 hasta,

160 1275 304 1334 adsistunt
318 1283 420 1333 contra
435 1273 595 1329 certamIna
614 1272 715 1329 Martis
731 1273 836 1331 anheli.

162 1376 307 1432 Iunonem
322 1373 433 1431 interea
446 1390 497 1429 rex
511 1370 721 1445 omnipotentis
736 1370 855 1447 Olympi

160 1472 327 1547 adloquitur
340 1471 416 1529 fulva
429 1488 542 1546 pugnas
558 1469 596 1526 de
613 1469 692 1526 nube
707 1477 857 1528 tuentem:

161 1572 248 1645 ‘Qua
261 1571 318 1627 iam
333 1569 399 1626 finis
415 1568 478 1639 erit,
493 1567 643 1625 coniunx?
687 1566 767 1640 Quid
782 1566 911 1643 denique
924 1570 1034 1628 restat?

161 1668 327 1745 Indigetem
342 1671 464 1726 Aenean
479 1668 536 1725 scis
551 1667 615 1742 ipsa
629 1677 658 1724 et
673 1666 747 1724 scire
762 1666 858 1724 fateris

160 1767 262 1826 deberi
277 1768 358 1824 caelo
373 1767 496 1842 satisque
511 1764 550 1822 ad
565 1764 661 1823 sidera
677 1765 746 1823 tolli.

161 1864 241 1940 Quid
256 1866 349 1937 struis,
364 1874 413 1923 aut
428 1883 486 1939 qua
501 1882 553 1939 spe
568 1863 671 1939 gelidis
688 1864 719 1920 in
734 1863 860 1922 nubibus
876 1863 998 1921 haeres?

161 1964 299 2020 Mortalin
314 1962 413 2020 decuit
426 1962 526 2020 violari
540 1962 659 2020 volnere
676 1961 784 2032 divom,

159 2071 210 2120 aut
223 2080 326 2121 ensem
344 2060 432 2139 (quid
446 2060 525 2118 eninr
540 2059 603 2118 sine
618 2069 647 2118 te
664 2061 783 2117 Iuturna
798 2059 938 2137 valereti)

160 2170 292 2236 ereptum
306 2158 391 2217 reddi
405 2160 505 2216 Turno
520 2167 550 2215 et
564 2159 623 2217 vim
639 2177 771 2217 crescere
786 2160 890 2217 victis?

160 2259 271 2316 Desine
285 2258 343 2315 iam
358 2256 478 2315 tandem
494 2257 690 2333 precibusque
707 2257 855 2315 inflectere
870 2258 984 2329 nostris,

162 2352 210 2433 [ni
225 2366 253 2414 te
268 2365 364 2414 tantus
379 2354 440 2412 edit
454 2354 574 2412 tacitam
589 2354 673 2412 dolor
690 2364 719 2412 et
735 2355 805 2412 mihi
821 2373 907 2414 curae

159 2473 247 2530 saepe
263 2465 313 2511 tuo
328 2453 407 2510 dulci
421 2453 517 2511 tristes
532 2435 569 2510 ex
583 2471 634 2510 ore
651 2453 828 2533 recursent,]

158 2563 279 2610 ventum
293 2551 331 2609 ad
346 2569 515 2627 supremum
529 2562 582 2609 est.
625 2550 721 2609 Terris
738 2552 846 2627 agitare
859 2554 905 2611 vel
919 2554 1007 2612 undis

158 2651 303 2708 Troianos
317 2650 445 2726 potuisti,
460 2649 613 2708 infandum
628 2648 796 2708 adcendere
810 2652 927 2724 bellum,

159 2747 322 2806 deformare
336 2746 460 2806 domum
475 2756 505 2805 et
518 2747 602 2805 luctu'
615 2748 738 2806 miScere
754 2750 950 2825 hymenaeos:

158 2847 276 2904 ulterius
291 2855 433 2922 temptare
448 2847 536 2903 vet0.’
581 2846 627 2905 Sic
645 2848 777 2924 Iuppiter
790 2867 891 2921 orsus3

159 2945 201 3002 sic
215 2942 274 3002 dea
287 2943 435 3002 submisso
449 2953 552 3001 contra
567 2945 699 3003 Saturnia
712 2947 810 3005 voltu:

159 3044 238 3100 ‘Ista
252 3041 373 3118 quidem
388 3043 457 3117 quia
471 3053 541 3100 uota
557 3044 628 3102 mihi
643 3055 702 3118 tua,
718 3064 834 3124 magne,
849 3045 991 3116 voluntas,

160 3141 299 3216 Iuppiter,
316 3149 345 3197 et
358 3141 490 3198 Turnum
507 3151 536 3199 et
551 3152 638 3202 terras
655 3144 744 3202 invita
758 3143 880 3222 reliqui;

159 3257 215 3296 nec
229 3249 260 3297 tu
275 3258 322 3297 me
338 3240 415 3299 aeria
429 3241 522 3300 solam
537 3262 615 3300 nunc
631 3242 703 3301 sede
718 3241 833 3300 videres

158 3337 247 3414 digna
261 3337 382 3415 indigna
396 3342 466 3416 pati,
483 3341 535 3400 sed
552 3342 674 3400 flammis
690 3342 788 3399 cincta
801 3341 855 3399 sub
870 3341 932 3415 ipsa

158 3444 264 3496 starem
280 3439 343 3496 acie
358 3440 561 3517 traheremque
578 3441 696 3498 inimica
710 3441 739 3498 in
754 3438 864 3515 proelia
877 3438 1017 3496 Teucros

158 3537 309 3598 Iuturnam
324 3540 439 3612 misem,
455 3541 555 3612 fateor,
571 3557 739 3598 succurrere
753 3538 830 3596 fratri

158 3637 233 3694 suasi
249 3648 278 3697 et
292 3658 346 3715 pro
361 3640 419 3697 vita
432 3639 543 3698 maiora
557 3637 665 3696 audere
681 3636 809 3713 probavi,
856 3627 860 3634 ’

157 3753 218 3792 uon
232 3747 264 3795 ut
277 3737 336 3796 tela
350 3747 458 3810 tamen,
475 3755 535 3795 non
550 3746 582 3796 ut
597 3735 790 3796 contenderet
805 3753 923 3792 arcum:

484 3865 622 3912 m120mit.
639 3865 667 3912 R.
702 3879 744 3909 nec
754 3865 814 3909 edat.
830 3863 888 3908 Eds.
