2742 4284
156 275 220 340 224
482 256 656 340 Dwelling
675 257 718 339 os
731 255 882 322 Proteus.
1049 269 1209 333 [Groneia.

154 444 267 503 orando
281 443 399 516 flectes;
421 444 479 500 vim
494 441 597 500 duram
612 453 642 500 et
655 443 772 501 vincula
786 453 874 519 capto

154 541 243 600 tende
255 563 263 614 5
285 540 346 599 doli
360 542 471 598 circum
487 541 560 598 haec
575 539 697 598 demum
712 542 879 617 frangentur
891 544 1002 601 inanes.

156 641 224 714 Ipsa
238 657 294 715 ego
309 649 347 710 te,
363 636 477 696 medios
493 657 561 695 cum
575 639 618 696 sol
633 639 802 696 accenderit
817 650 923 711 aestus,

153 757 223 794 curn
237 737 336 795 sitiunt
353 735 458 793 herbae
473 745 503 792 et
517 737 618 810 pecori
633 737 692 793 iam
706 737 813 811 gratior
825 738 929 796 umbra
942 751 994 809 est,

153 837 182 892 in
197 845 309 893 secreta
324 835 400 891 senis
417 833 533 904 ducam,
549 851 609 908 quo
624 834 716 891 sessus
731 835 769 892 ab
783 834 870 893 undis

152 952 184 992 se
199 933 311 1008 recipit,
327 932 409 989 facile
425 941 457 988 ut
471 949 576 988 somno
592 930 763 1006 adgrediare
780 933 934 991 iacentem.

152 1011 261 1088 Verum
276 1029 325 1088 ubi
340 1039 507 1103 correptum
522 1029 655 1087 manibus
671 1029 831 1104 vinclisque
847 1032 970 1103 tenebis,

152 1139 214 1185 tum
228 1128 323 1185 variae
339 1126 459 1184 eludent
473 1126 587 1202 species
603 1137 692 1201 atque
707 1146 758 1184 ora
773 1128 906 1186 ferarum.

154 1225 217 1282 Fiet
231 1225 310 1282 enim
324 1224 420 1282 subito
435 1243 483 1282 sus
498 1223 630 1281 horridus
646 1234 765 1298 atraque
781 1226 859 1300 tigris

152 1341 382 1398 squamosusque
397 1321 488 1379 draco
502 1332 532 1379 et
547 1322 622 1379 fulva
638 1324 753 1380 cervice
768 1323 878 1395 leaena,

151 1432 200 1479 aut
215 1439 312 1479 acrem
327 1420 461 1478 flammae
476 1421 604 1477 sonitum
620 1418 702 1478 dabit
716 1430 803 1497 atque
818 1423 858 1479 ita
871 1419 972 1480 vinclis

152 1519 277 1590 excidet,
293 1528 342 1576 aut
356 1519 386 1576 in
400 1537 490 1593 aquas
505 1519 600 1575 tenuis
616 1518 746 1592 dilapsus
761 1520 858 1577 abibit.

151 1616 209 1676 Sed
224 1625 334 1691 quanto
349 1617 394 1673 ille
409 1616 500 1690 magis
515 1616 621 1673 formas
636 1635 667 1674 se
682 1627 774 1674 vertet
788 1618 818 1674 in
832 1620 937 1690 omnis,

150 1725 241 1784 tanto,
257 1725 333 1786 uate,
351 1715 441 1789 magis
457 1712 605 1771 contende
622 1716 738 1771 tenacia
751 1716 855 1786 vincla,

151 1812 248 1870 donec
263 1813 326 1869 talis
338 1813 391 1869 erit
406 1821 517 1869 mutato
534 1829 666 1886 corpore,
683 1813 799 1885 qualem

151 1909 264 1980 videris,
280 1911 399 1984 incepto
414 1919 524 1984 tegeret
539 1928 606 1966 cum
623 1910 732 1967 lumina
745 1916 869 1969 somno!

192 2010 279 2066 Haec
294 2010 332 2065 ait
346 2018 376 2065 et
390 2007 532 2082 liquidum
549 2008 712 2065 ambrosiae
728 2008 862 2067 defundit
876 2011 1008 2082 odorem,

150 2125 210 2182 quo
225 2117 320 2164 toturn
333 2106 393 2163 nati
409 2124 514 2180 corpus
531 2104 686 2180 perduxit3
709 2117 738 2162 at
751 2106 790 2162 illi

150 2203 243 2261 dulcis
258 2204 427 2278 compositis
442 2204 558 2278 spiravit
576 2203 704 2261 crinibus
719 2222 796 2274 aura,

150 2311 237 2375 atque
252 2301 354 2358 habilis
368 2302 505 2359 membris
519 2301 599 2359 venit
613 2301 704 2377 vigor.
748 2302 801 2359 Est
815 2307 920 2378 specus
934 2305 1037 2379 ingens

150 2399 229 2457 exesi
243 2399 331 2457 latere
346 2401 376 2456 in
392 2400 507 2470 montis,
522 2417 583 2474 quo
600 2399 725 2474 plurima
738 2411 826 2458 vento

149 2498 263 2573 cogitur
276 2499 364 2572 inque
379 2499 457 2556 sinus
471 2497 579 2556 scindit
595 2516 658 2556 sese
673 2496 754 2555 unda
767 2498 913 2571 reductos,

150 2595 300 2670 deprensis
315 2596 383 2653 oiim
399 2596 484 2653 statio
499 2596 643 2653 tutissima
659 2597 753 2653 nautis
767 2618 774 2667 ;

149 2694 224 2751 intus
238 2712 270 2751 se
285 2694 358 2750 vasti
373 2696 493 2751 Proteus
508 2694 579 2768 tegit
595 2694 681 2750 obice
697 2695 766 2750 saxi.

149 2792 210 2848 Hic
225 2792 361 2849 iuvenem
376 2792 406 2847 in
421 2791 535 2849 latebris
549 2809 684 2848 aversum
699 2809 717 2847 a
732 2792 840 2849 lumine
855 2793 985 2867 nympha

148 2889 282 2960 collocat,
298 2890 360 2964 ipsa
374 2889 476 2964 procul
491 2889 603 2947 nebulis
617 2889 743 2946 obscura
756 2890 869 2947 resistit.

149 2989 212 3044 Iam
227 2985 345 3061 rapidus
359 2996 471 3044 torrens
485 2987 606 3044 sitientis
621 2987 709 3045 Sirius
727 2987 818 3044 Indos

148 3084 268 3142 ardebat
283 3085 374 3154 cae10,
390 3095 419 3141 et
433 3083 565 3141 medium
581 3085 624 3142 sol
638 3086 741 3160 igneus
756 3086 857 3143 orbem

148 3182 299 3253 hauserat3
322 3183 441 3239 arebant
456 3183 572 3253 herbae,
588 3193 617 3240 et
632 3200 705 3239 cava
720 3182 839 3240 flumina
852 3184 938 3241 siccis

147 3280 277 3337 saucibus
292 3279 331 3337 ad
344 3281 445 3337 limum
460 3279 532 3337 radii
546 3281 696 3354 tepefacta
709 3282 894 3355 coquebant:

148 3397 215 3435 cum
231 3380 351 3435 Proteus
366 3388 507 3435 consueta
521 3389 624 3453 petens
640 3397 655 3435 e
671 3377 806 3436 fluctibus
823 3389 904 3435 antra

147 3477 205 3534 ibat
218 3497 225 3547 ;
248 3494 314 3533 eum
329 3476 401 3532 vasti
416 3476 526 3532 circum
540 3494 612 3550 gens
627 3475 728 3534 umida
741 3477 823 3551 ponti

147 3575 293 3631 exsultans
308 3592 403 3630 rorem
418 3573 476 3631 late
492 3572 627 3649 dispersit
641 3593 781 3632 amarum.

41 3687 48 3696 ·
147 3671 283 3729 Sternunt
297 3689 328 3727 se
345 3689 451 3729 somno
465 3670 596 3729 diversae
611 3673 641 3729 in
656 3672 739 3730 litore
754 3673 870 3748 phocae
883 3695 890 3744 ;

362 3799 396 3830 ⁴⁰⁰
401 3801 555 3858 frangentur.
571 3802 599 3847 R.
808 3800 843 3833 412
853 3806 901 3845 tam
911 3807 943 3847 tu.
959 3803 986 3848 R.
