2742 4284
140 265 202 327 218
478 261 688 345 Intelligence
709 262 751 343 os
767 261 858 324 Beer.
1035 270 1194 335 [Gsororrs.

139 467 336 523 excursusque
350 448 444 506 brevis
458 455 612 524 temptant,
628 458 657 505 et
672 467 761 524 saepe
775 449 896 524 lapillos,

140 557 170 607 ut
185 548 307 624 cymbae
322 548 469 606 instabiles
484 547 573 606 fluctu
589 548 714 606 iactante
729 549 886 617 saburram,

139 646 251 718 tollunt,
267 645 311 703 his
326 663 390 704 sese
405 663 457 720 per
471 645 568 702 inania
581 645 681 703 nubila
694 645 806 703 librant.

140 745 226 802 Illum
240 743 316 802 adeo
330 743 472 819 placuisse
488 744 591 818 apibus
606 743 747 801 mirabere
763 761 883 812 morem,

139 841 220 918 quod
234 861 331 917 neque
346 841 503 900 concubitu
520 841 679 916 indulgent,
695 860 751 899 nec
766 859 890 916 corpora
904 859 1008 916 segnes

139 941 168 998 in
183 942 330 998 Venerem
345 940 459 997 solvunt
473 950 522 997 aut
536 940 612 997 setus
625 939 740 996 nixibus
756 937 865 1009 edunt;

139 1056 238 1096 verum
254 1038 334 1112 ipsae
350 1056 366 1094 e
381 1038 455 1095 foliis
470 1047 563 1108 natos,
579 1055 595 1094 e
610 1037 745 1094 suavibus
760 1036 855 1094 herbis

139 1153 189 1193 ore
204 1135 312 1210 legunt,
327 1134 407 1209 ipsae
422 1151 521 1208 regem
534 1151 697 1209 parvosque
713 1135 840 1208 Quirites

139 1231 294 1303 sufficiunt,
310 1232 446 1306 aulasque
462 1240 491 1288 et
506 1249 591 1288 cerea
604 1250 694 1306 regna
708 1232 841 1306 refigunt.

140 1331 255 1405 *Saepe
271 1330 358 1388 etiam
373 1329 451 1406 duris
466 1329 590 1387 errando
605 1331 635 1387 in
649 1331 764 1388 cotibus
778 1331 837 1388 alas

139 1427 290 1499 adtrivere,
306 1427 438 1502 ultroque
453 1427 581 1485 animam
597 1428 652 1486 sub
666 1429 745 1485 fasce
760 1427 888 1486 dedere:

139 1536 235 1585 tantus
249 1543 332 1583 amor
345 1524 448 1582 florum
463 1534 492 1583 et
506 1525 666 1600 generandi
681 1526 771 1600 gloria
785 1526 905 1583 mellis*

141 1626 219 1699 Ergo
235 1624 311 1698 ipsas
325 1623 456 1697 quamvis
471 1623 584 1697 angusti
599 1623 740 1681 terminus
754 1624 817 1680 aevi

139 1721 274 1796 excipiat,
289 1738 386 1794 neque
402 1720 480 1777 enim
494 1720 559 1794 plus
574 1722 700 1795 septima
713 1720 829 1778 ducitur
843 1730 945 1791 aestas,

139 1830 168 1878 at
182 1837 273 1895 genus
288 1818 450 1875 immortale
466 1828 573 1889 manet,
589 1819 754 1893 multosque
769 1836 821 1893 per
834 1837 927 1877 annos

139 1927 194 1975 stat
209 1917 323 1974 fortuna
337 1914 452 1986 domus
469 1925 497 1972 et
512 1916 557 1973 avi
573 1925 761 1974 numerantur
775 1934 903 1975 avorum.

140 2017 292 2072 Praeterea
305 2031 404 2088 regem
420 2031 480 2070 non
496 2013 537 2070 sic
552 2015 701 2089 Aegyptus
716 2023 746 2070 et
760 2014 861 2088 ingens

141 2111 233 2188 Lydia
247 2130 303 2170 nec
318 2110 420 2186 populi
435 2110 606 2168 Parthorum
620 2121 669 2168 aut
685 2110 794 2169 Medus
809 2110 967 2187 Hydaspes

140 2210 302 2267 observant.
345 2209 428 2283 Rege
444 2208 582 2266 incolumi
599 2227 681 2266 mens
698 2209 834 2266 omnibus
849 2227 906 2266 una
921 2219 983 2279 est;

140 2307 246 2365 amisso
260 2324 365 2382 rupere
379 2305 479 2377 fidem,
496 2315 721 2381 constructaque
737 2306 822 2364 mella

140 2405 285 2479 diripuere
300 2405 380 2478 ipsae
397 2413 426 2460 et
441 2413 533 2461 crates
549 2404 660 2461 solvere
677 2405 816 2462 favorum.

141 2503 193 2560 Ille
208 2520 330 2577 operum
346 2511 453 2573 custos,
469 2501 548 2558 illum
565 2501 744 2559 admirantur
758 2511 787 2558 et
801 2519 903 2558 omnes

140 2601 328 2657 circumstant
343 2599 457 2656 fremitu
474 2597 568 2656 denso
585 2599 751 2673 stipantque
766 2600 940 2673 frequentes,

141 2708 170 2756 et
184 2716 272 2772 saepe
287 2697 430 2755 adtollunt
445 2697 560 2769 umeris,
577 2706 605 2754 et
621 2715 745 2772 corpora
758 2697 835 2755 bello

141 2796 290 2853 obiectant
305 2795 514 2871 pulchramque
530 2805 634 2870 petunt
648 2813 701 2870 per
715 2796 834 2852 vulnera
848 2805 980 2855 mortem.

183 2894 238 2952 His
253 2893 373 2969 quidam
388 2895 476 2970 signis
493 2903 581 2968 atque
597 2894 670 2952 haec
686 2894 820 2968 exempla
834 2895 927 2951 secuti

142 3009 205 3049 esse
220 2991 323 3066 apibus
338 3002 449 3067 partem
465 2993 581 3051 divinae
597 2993 701 3050 mentis
717 3002 745 3050 et
760 2992 878 3050 haustus

142 3089 285 3147 aetherios
301 3090 419 3164 dixere,
442 3092 532 3150 deum
547 3109 674 3167 namque
690 3091 730 3147 ire
746 3108 799 3164 per
810 3089 904 3147 omnis

142 3199 289 3263 terrasque
304 3177 470 3265 tractusque
488 3191 572 3248 maris
588 3190 759 3264 caelumque
775 3187 971 3262 profundum,

143 3287 211 3344 hinc
226 3286 356 3362 pecudes
372 3299 502 3346 armenta
518 3290 602 3361 viros,
618 3307 711 3365 genus
726 3306 814 3345 omne
830 3288 962 3358 ferarum,

143 3403 291 3460 quemque
306 3385 359 3444 sibi
375 3386 469 3444 tenuis
484 3397 655 3445 nascentem
672 3405 817 3445 arcessere
832 3388 923 3458 vitas,

143 3483 255 3542 scilicet
270 3483 327 3541 huc
341 3483 426 3542 reddi
441 3484 549 3543 deinde
565 3504 600 3543 ac
615 3486 742 3544 resoluta
756 3486 854 3543 referri

144 3583 251 3654 omnia,
267 3600 322 3640 nec
338 3583 423 3640 morti
438 3601 501 3641 esse
515 3584 625 3656 locum,
640 3584 694 3643 sed
708 3585 773 3642 viva
787 3585 883 3643 volare

144 3678 245 3738 sideris
260 3680 289 3737 in
304 3699 457 3738 numerum
472 3690 559 3756 atque
575 3683 633 3740 alto
648 3681 810 3740 succedere
825 3683 917 3740 caelo.

232 3809 263 3840 1⁹⁹
273 3810 377 3855 nexibus.
393 3810 452 3855 Mss.
463 3811 511 3855 and
523 3810 579 3855 Eds.
658 3808 692 3841 202
702 3810 826 3866 refingunt.
935 3810 967 3843 ²²1
978 3812 1064 3858 omnia,
1080 3812 1108 3858 R.
