2742 4284
175 307 217 386 98
573 304 708 366 Lausus
730 303 829 367 Falls.

176 490 292 565 telaque
308 489 458 549 coniciunt
472 490 703 566 proturbantque
718 490 831 548 eminus
844 489 961 548 hostem

176 588 338 646 missilibus,
382 588 462 646 Furit
476 589 591 646 Aeneas
607 598 760 662 tectusque
775 597 858 646 tenet
871 606 912 646 se.

176 689 220 744 Ac
234 686 313 750 ¹uelut
327 687 417 745 effusa
431 686 576 761 siquando
590 685 732 762 grandine
746 687 837 744 nimbi

176 784 377 861 praecipitant,
393 785 488 843 omnis
503 786 615 860 eampis
630 784 742 860 diffugit
757 796 851 842 arator

176 884 271 940 omnis
286 893 316 941 et
329 883 455 958 agricola
469 891 499 940 et
513 891 575 939 tuta
589 882 658 940 latet
672 900 739 940 arce
754 882 855 953 viator,

176 991 226 1038 aut
240 982 333 1039 amnis
348 981 417 1056 ripis
431 989 481 1038 aut
494 979 544 1038 alti
558 981 669 1038 fornice
685 981 755 1050 saxi,

176 1079 247 1137 dum
263 1080 335 1155 pluit
349 1079 379 1136 in
393 1079 483 1151 terris,
499 1089 530 1136 ut
545 1079 657 1154 possint
672 1079 732 1136 sole
747 1078 871 1136 reducto

176 1195 311 1235 exercere
326 1177 425 1235 diem:
449 1177 490 1234 sic
506 1178 625 1235 obrutus
642 1176 774 1250 undique
788 1176 852 1233 telis

175 1278 289 1333 Aeneas
304 1276 413 1333 nubem
428 1275 505 1345 belli,
523 1275 594 1332 dum
610 1274 733 1332 detonet
748 1275 852 1344 omnis,

175 1374 296 1432 sustinet
311 1383 340 1430 et
356 1375 483 1431 Lausum
498 1373 653 1447 increpitat
670 1374 824 1446 Lausoque
841 1372 983 1430 minatur:

175 1472 262 1546 ‘Quo
277 1473 412 1529 moriture
427 1472 484 1528 ruis
501 1471 671 1545 maioraque
686 1471 793 1528 viribus
807 1470 921 1527 audes?

175 1569 260 1628 Fallit
274 1580 302 1626 te
319 1570 467 1626 incautum
483 1569 576 1643 pietas
592 1570 660 1626 tua)
705 1569 771 1625 Nec
787 1569 881 1625 minus
895 1568 941 1624 ille

175 1668 297 1725 exsultat
311 1666 455 1738 demens;
478 1685 581 1724 saevae
596 1667 714 1740 iamque
728 1667 812 1723 altius
826 1667 885 1722 irae

175 1765 326 1822 Dardanio
341 1774 461 1839 surgunt
476 1763 601 1836 ductori,
617 1773 805 1838 extremaque
822 1765 919 1820 Lauso

175 1864 282 1920 Parcae
298 1862 346 1919 fila
360 1863 477 1936 legunt:
502 1861 631 1920 validum
646 1881 773 1936 namque
788 1862 877 1936 exigit
892 1879 993 1918 ensem

174 1978 226 2035 per
242 1959 373 2016 medium
388 1962 502 2017 Aeneas
517 1960 652 2017 iuvenem
668 1968 822 2033 totumque
836 1957 979 2016 recondit.

174 2057 298 2114 Transiit
313 2067 342 2114 et
357 2075 487 2132 parmam
502 2075 614 2129 mucm,
629 2057 704 2114 levia
718 2076 797 2114 arma
812 2057 941 2126 minaciS,

174 2166 204 2212 et
218 2156 357 2223 tunicam,
372 2155 453 2212 molli
469 2164 561 2212 mater
575 2173 663 2230 quam
679 2165 797 2212 neverat
812 2173 892 2226 auru,

174 2253 362 2327 implevitque
379 2252 474 2310 sinum
490 2253 625 2328 sanguis;
649 2263 711 2310 tum
726 2253 784 2309 vita
798 2259 856 2327 per'
865 2270 947 2309 auras

175 2351 320 2408 concessit
335 2360 447 2408 maesta
461 2350 500 2408 ad
514 2351 607 2409 manis
623 2369 789 2425 corpusque
804 2350 927 2424 reliquit.

174 2451 212 2506 At
226 2467 295 2506 vero
310 2459 341 2506 ut
356 2449 466 2507 voltum
480 2448 553 2506 vidit
567 2449 718 2506 morientis
733 2458 763 2506 et
777 2466 836 2518 ora,

174 2565 225 2605 ora
240 2545 335 2603 modis
349 2545 541 2604 Anchisiades
557 2546 696 2621 pallentia
711 2546 798 2617 miris,

174 2643 318 2718 ingemuit
333 2644 471 2701 miserans
486 2644 610 2718 graviter
624 2643 815 2717 dextramque
831 2642 964 2714 tetendit,

175 2751 203 2798 et
219 2753 349 2798 mentem
364 2741 473 2815 patriae
489 2741 577 2798 subiit
591 2741 706 2816 pietatis
721 2742 827 2815 imago,

176 2843 182 2868 ‘
197 2837 278 2912 Quid
293 2839 344 2895 tibi
358 2856 448 2910 nunc,
465 2839 629 2896 miserande
644 2858 725 2914 puer,
741 2857 796 2914 pro
808 2838 943 2896 laudibus
957 2838 1026 2908 istis,

174 2935 246 3011 quid
261 2937 325 3011 pius
339 2937 453 2993 Aeneas
469 2945 549 2994 tanta
563 2936 645 2995 dabit
658 2936 758 2994 indole
773 2935 916 3012 dignum?

174 3037 271 3106 Arma,
287 3033 391 3108 quibus
406 3033 535 3106 laetatus,
552 3035 626 3093 habe
643 3046 700 3107 tua,
716 3045 805 3110 teque
820 3045 973 3110 parentum

174 3132 308 3190 manibus
324 3142 353 3189 et
367 3132 466 3204 cineri,
481 3133 565 3208 siqua
579 3144 622 3192 est
637 3153 673 3192 ea
688 3153 765 3205 cura,
781 3134 906 3191 remitto

176 3231 247 3288 Hoc
262 3240 362 3287 tamen
376 3231 474 3288 infelix
489 3233 623 3290 miseram
639 3232 771 3291 solabere
786 3241 928 3289 mortem:

176 3333 292 3387 Aeneae
308 3331 406 3405 magni
421 3330 523 3388 dextra
537 3332 637 3389 cadis’
682 3334 817 3406 Increpat
831 3332 906 3389 ultro

174 3428 338 3485 cunctantis
354 3428 450 3486 socios
465 3438 495 3486 et
509 3439 584 3487 terra
598 3430 730 3488 sublevat
744 3429 850 3504 ipsum,

175 3527 314 3601 sanguine
329 3533 495 3601 turpantem
511 3537 646 3602 comptos
661 3527 699 3585 de
713 3546 795 3585 more
811 3527 940 3602 capillos.

217 3624 334 3682 Interea
347 3625 461 3700 genitor
474 3625 604 3683 Tiberini
618 3624 657 3683 ad
671 3625 797 3683 fluminis
811 3624 922 3682 undam

233 3784 453 3841 ⁸⁰⁴campis...et.
485 3785 603 3830 Brackets.
626 3785 654 3830 R.
714 3784 747 3817 ⁸⁰⁹
759 3797 854 3829 omnem.
874 3784 906 3829 H.
965 3782 1123 3828 ⁸1⁷transilit.
1145 3783 1172 3826 R.

234 3857 267 3890 sor
274 3858 361 3916 pluvit,
382 3858 410 3905 R
965 3856 998 3890 ⁸²⁷
1009 3857 1123 3902 laetatu's.
1144 3857 1173 3901 R
