2742 4284
143 311 180 362 11.
195 311 265 377 533]
494 301 524 364 T
519 302 559 366 he
581 300 750 365 Farmer's
772 301 860 384 Life.

144 489 228 563 Quos
242 488 316 547 rami
329 488 447 560 fructus,
463 505 537 564 quos
551 488 615 564 ipsa
629 488 757 548 volentia
770 505 835 546 rura

143 566 249 662 sponte
263 587 355 645 tulere
369 605 430 659 sua,
447 587 562 662 carpsit,
578 605 635 644 nec
650 585 743 644 ferrea
756 586 818 644 iura

143 685 337 760 insanumque
352 685 446 742 sorum
461 694 510 744 aut
525 685 626 760 populi
642 684 781 743 tabularia
795 684 877 743 vidit.

144 782 306 840 Sollicitant
321 783 367 839 alii
380 783 466 840 remis
483 783 556 840 freta
571 801 670 854 caeca,
688 792 833 856 ruuntque

143 880 173 937 in
189 880 304 951 ferrum,
320 889 473 954 penetrant
488 881 566 937 aulas
580 889 610 938 et
624 879 726 937 limina
738 897 859 954 regum3

144 977 192 1035 hic
206 978 281 1052 petit
294 976 429 1034 exscidiis
446 977 547 1035 urbem
564 978 747 1051 miserosque
762 977 887 1049 Penatis,

143 1084 176 1132 ut
189 1093 306 1150 gemma
320 1075 401 1133 bibat
415 1085 444 1132 et
459 1075 580 1134 Sarrano
595 1075 722 1133 dormiat
735 1084 834 1146 ostro;

144 1171 246 1229 condit
261 1159 333 1246 opes
347 1173 419 1230 alius
434 1172 611 1247 defossoque
628 1173 748 1231 incubat
761 1191 851 1244 auro;

144 1270 192 1326 hic
207 1280 304 1344 stupet
319 1271 456 1328 attonitus
471 1271 587 1342 rostris3
613 1271 693 1328 hunc
709 1271 827 1345 plausus
841 1270 972 1330 hiantem

144 1385 197 1441 per
211 1385 322 1425 cuneos
335 1368 500 1442 geminatus
515 1369 592 1426 enim
608 1368 761 1443 plebisque
776 1376 951 1442 patrumque

145 1466 302 1540 corripuit,
324 1465 454 1540 gaudent
468 1466 575 1540 perfusi
591 1467 732 1540 sanguine
749 1466 877 1537 fratrum,

145 1563 304 1637 exsilioque
320 1563 425 1621 domos
441 1573 470 1620 et
484 1562 583 1621 dulcia
597 1563 698 1621 limina
712 1573 825 1621 mutant

146 1672 232 1736 atque
247 1661 304 1719 alio
319 1662 440 1736 patriam
457 1671 600 1736 quaerunt
615 1661 670 1719 sub
685 1662 747 1720 sole
762 1661 918 1720 iacentem.

145 1759 281 1834 Agricola
295 1759 415 1816 incurvo
430 1769 535 1816 terram
550 1758 673 1816 dimovit
689 1768 803 1816 aratro:

145 1857 214 1914 hinc
229 1857 297 1914 anni
312 1857 401 1927 labor,
418 1856 485 1913 hinc
500 1857 623 1931 patriam
638 1874 801 1931 parvosque
816 1866 939 1932 penates

146 1955 276 2025 sustinet,
291 1955 360 2011 hinc
374 1965 505 2012 armenta
519 1954 609 2012 bourn
624 1955 801 2030 meritosque
816 1954 965 2013 iuvencos.

146 2054 213 2111 Nec
227 2052 350 2126 requies,
368 2053 437 2126 quin
453 2062 502 2110 aut
516 2053 613 2126 pomis
628 2053 767 2111 exuberet
780 2071 873 2110 annus

146 2159 195 2207 aut
209 2149 268 2207 fetu
283 2167 424 2224 pecorum
439 2159 489 2206 aut
504 2149 632 2208 Cerealis
648 2150 771 2224 mergite
786 2150 884 2221 culmi,

145 2257 346 2322 proventuque
362 2256 464 2305 oneret
479 2247 575 2305 sulcos
591 2257 678 2321 atque
694 2246 798 2305 horrea
811 2248 917 2306 vincat.

145 2346 234 2403 Venit
249 2346 382 2420 hiemps:
406 2346 505 2404 teritur
522 2347 657 2421 Sicyonia
670 2347 745 2404 baca
758 2346 887 2421 trapetis,

145 2443 252 2518 glande
267 2462 333 2501 sues
348 2444 415 2501 laeti
430 2443 564 2515 redeunt,
581 2443 652 2502 dant
667 2445 769 2503 arbuta
782 2445 889 2516 silvae3

146 2551 176 2599 et
190 2542 283 2599 varios
297 2541 382 2616 ponit
396 2542 471 2599 fetus
487 2551 653 2612 autumnus,
668 2552 698 2599 et
712 2543 769 2600 alte

145 2639 222 2696 mitis
237 2639 266 2695 in
281 2639 386 2713 apricis
402 2639 539 2713 coquitur
553 2639 702 2696 vindemia
715 2640 800 2698 saxis.

146 2737 263 2793 Interea
277 2735 378 2793 dulces
394 2735 527 2810 pendent
542 2736 653 2794 circum
669 2737 770 2794 oscula
783 2738 852 2809 nati,

146 2844 226 2890 casta
239 2833 413 2908 pudicitiam
429 2845 523 2890 servat
539 2833 655 2905 domus,
671 2835 762 2891 ubera
775 2852 883 2892 vaccae

145 2933 238 2988 lactea
253 2930 419 3002 demittunt,
435 2932 617 3006 pinguesque
633 2933 663 2990 in
676 2933 807 3010 gramine
822 2934 900 2992 laeto

145 3029 220 3086 inter
233 3047 264 3086 se
280 3029 406 3087 adversis
422 3030 567 3086 luctantur
582 3030 719 3088 cornibus
734 3030 832 3090 haedi.

146 3129 215 3200 Ipse
229 3126 292 3184 dies
307 3127 396 3202 agitat
411 3127 500 3184 festos
515 3127 655 3202 lususque
670 3145 723 3202 per
737 3127 866 3199 herbam,
965 3206 967 3209 Ι

145 3225 228 3298 ignus
243 3224 293 3282 ubi
306 3224 337 3282 in
352 3223 451 3281 medio
467 3233 496 3280 et
511 3223 584 3282 socii
599 3233 711 3282 cratera
725 3236 877 3297 coronant,

145 3331 174 3379 te
188 3323 291 3394 libans,
307 3322 434 3393 Lenaee,
451 3331 546 3394 vocat,
562 3323 737 3398 pecorisque
753 3324 894 3398 magistris
974 3393 977 3399 1

144 3420 253 3478 velocis
268 3420 355 3478 iaculi
370 3420 530 3477 certamina
543 3420 627 3494 ponit
641 3420 671 3477 in
687 3421 777 3491 ulm0‚

145 3535 328 3592 corporaque
344 3517 449 3592 agresti
462 3517 576 3575 nudant
589 3517 735 3593 praedura
748 3519 918 3593 palaestrae.

145 3617 235 3674 Hanc
251 3615 320 3673 olim
336 3625 448 3673 veteres
463 3616 551 3672 vitam
567 3615 683 3674 coluere
699 3617 807 3688 Sabini,

143 3715 221 3772 hanc
237 3713 350 3772 Remus
366 3722 396 3770 et
409 3713 503 3784 frater,
519 3714 561 3770 sic
576 3713 656 3771 fortis
673 3715 787 3771 Etruria
801 3715 890 3772 cr'evit

573 3843 606 3876 ⁵1⁴
617 3845 656 3888 hic
664 3846 730 3890 anni.
746 3846 775 3890 R.
