2742 4284
154 315 212 375 188
250 312 373 374 Praise
387 314 429 395 os
438 313 590 396 Spring,·
614 314 781 398 Dressing
792 317 866 378 and
882 316 913 378 T
909 315 1016 399 illing.
1045 326 1202 390 [Gemmas.

150 498 221 554 Avia
235 507 298 556 tum
312 509 449 556 resonant
463 499 563 558 avibus
576 500 699 575 virgulta
714 502 837 573 canoris,

149 607 178 653 et
193 597 340 654 Venerem
354 598 441 654 certis
455 607 592 672 repetunt
605 609 738 657 armenta
750 598 875 672 diebus,

148 696 269 769 parturit
282 695 374 752 almus
389 713 465 770 ager,
481 695 657 771 zephyrique
671 697 839 772 tepentibus
852 699 927 756 auris

147 792 245 851 laxant
258 812 326 850 arva
339 794 418 851 sinus
430 815 438 864 ;
460 807 576 868 superat
591 805 673 852 tener
686 796 822 854 omuibus
836 815 939 868 umor,

148 889 238 965 inque
251 910 344 949 novos
358 892 434 949 soles
448 890 559 949 audent
572 911 604 950 se
618 895 749 968 germina
762 903 825 950 tuto

148 988 278 1060 credere,
293 1008 350 1048 nec
365 991 468 1048 metuit
483 992 625 1066 surgentis
640 992 796 1066 pampinus
810 994 930 1048 Austros

147 1097 197 1145 aut
211 1099 309 1146 actum
324 1088 407 1145 caelo
424 1090 536 1163 magnis
553 1089 746 1163 Aquilonibus
760 1088 891 1159 imbrem,

147 1184 201 1242 sed
215 1185 304 1242 trudit
318 1205 450 1260 gemmas
465 1197 494 1243 et
508 1185 626 1244 frondes
641 1188 767 1261 explicat
781 1187 885 1244 omnis.

149 1282 218 1340 Non
234 1283 305 1341 alios
319 1284 413 1358 prima
427 1286 585 1342 crescentis
600 1285 711 1360 origine
725 1283 827 1342 mundi

147 1380 283 1438 inluxisse
298 1381 361 1439 dies
376 1382 499 1440 aliumve
514 1383 649 1441 habuisse
664 1395 798 1440 tenorem

147 1478 340 1536 crediderim:
363 1497 413 1537 ver
428 1480 496 1537 illud
512 1491 581 1550 erat,
596 1500 646 1538 ver
660 1500 784 1556 magnus
798 1481 903 1555 agebat

147 1576 234 1648 orbis,
249 1588 278 1634 et
292 1577 419 1636 hibernis
435 1579 594 1652 parcebant
609 1579 723 1637 flatibus
738 1580 816 1648 Euri,

147 1693 214 1732 cum
230 1676 340 1749 primae
355 1676 453 1733 lucem
468 1676 600 1751 pecudes
615 1677 746 1746 hausere,
761 1678 911 1750 virumque

146 1782 239 1828 terrea
254 1774 409 1847 progenies
424 1773 502 1831 duris
518 1785 607 1848 caput
622 1775 723 1831 extulit
737 1775 819 1845 arvis,

146 1870 351 1944 immissaeque
366 1870 443 1928 ferae
458 1873 534 1929 silvis
550 1883 579 1928 et
593 1872 691 1929 sidera
704 1873 796 1930 caelo.

148 1967 213 2022 Nec
227 1985 272 2025 res
288 1967 365 2025 hunc
380 1979 498 2027 tenerae
512 1981 634 2044 possent
649 1971 775 2044 perferre
790 1971 929 2040 laborem,

147 2064 170 2120 si
184 2082 245 2122 nou
259 2075 340 2122 tanta
353 2068 437 2140 quies
451 2068 504 2124 iret
519 2068 665 2143 frigusque
680 2069 867 2143 caloremque

146 2161 228 2231 inter,
240 2172 269 2218 et
283 2163 431 2238 exciperet
446 2165 518 2222 caeli
533 2165 716 2241 indulgentia
728 2177 827 2224 terras.

187 2257 277 2330 Quod
291 2271 432 2334 superest,
447 2280 653 2337 quaecumque
668 2282 784 2338 premes
797 2264 918 2339 virgulta
932 2282 985 2339 per
998 2283 1092 2339 agros,

145 2373 248 2431 sparge
262 2356 332 2414 fimo
346 2359 457 2433 pingui,
473 2370 502 2416 et
518 2361 608 2417 multa
622 2379 736 2418 memor
749 2363 853 2418 occule
867 2372 950 2430 terra,

145 2463 194 2509 aut
208 2453 337 2528 lapidem
351 2456 482 2514 bibulum
497 2467 547 2514 aut
561 2459 719 2532 squalentis
734 2458 834 2516 infode
849 2460 999 2530 conchas3

145 2552 219 2609 inter
233 2553 312 2610 enim
328 2554 461 2611 labentur
474 2573 577 2628 aquae,
593 2557 747 2630 tenuisque
762 2557 871 2614 subibit

145 2648 257 2720 balitus,
273 2661 360 2724 atque
375 2652 488 2708 animos
503 2653 605 2709 tollent
619 2663 689 2710 sata.
733 2656 855 2728 Iamque
869 2655 984 2728 reperti,

145 2747 194 2820 qui
209 2765 280 2804 saxo
294 2759 482 2823 superatque
497 2750 621 2824 ingentis
636 2751 769 2824 pondere
783 2761 875 2809 testae

144 2855 296 2918 urgerent:
320 2845 377 2902 hoc
393 2846 499 2904 effusos
515 2849 666 2905 munimen
680 2848 720 2905 ad
735 2850 849 2919 imbres,

144 2940 211 3012 hoc,
226 2943 275 3000 ubi
291 2942 386 2999 hiulca
401 2944 447 3001 siti
463 2945 548 3002 findit
562 2947 642 3003 canis
657 2947 773 3003 aestifer
786 2965 862 3004 arva.

184 3040 348 3098 Seminibus
363 3042 465 3116 positis
480 3054 610 3118 superest
625 3043 767 3102 diducere
781 3054 887 3102 terram

143 3137 257 3211 saepius
272 3138 311 3196 ad
326 3140 422 3214 capita
436 3150 465 3197 et
480 3140 568 3198 duros
583 3142 690 3199 iactare
705 3142 842 3213 bidentis,

143 3245 192 3291 aut
206 3253 306 3309 presso
322 3255 458 3295 exercere
473 3239 567 3295 solum
582 3241 637 3297 sub
650 3258 769 3297 vomere
784 3250 814 3296 et
827 3241 890 3314 ipsa

143 3332 258 3390 flectere
274 3334 409 3392 luctantis
424 3336 499 3393 inter
511 3337 609 3394 vineta
622 3338 781 3410 iuvencos,

142 3440 205 3488 tum
219 3431 289 3490 levis
304 3433 431 3490 calamos
446 3443 474 3490 et
489 3452 569 3492 rasae
584 3435 698 3493 hastilia
710 3436 806 3511 virgae

142 3529 342 3605 fraxineasque
357 3540 457 3606 aptare
471 3530 559 3589 sudes
574 3533 728 3608 furcasque
742 3533 871 3605 valentis,

109 3657 114 3668 ·
141 3627 247 3685 viribus
261 3629 332 3687 eniti
347 3635 473 3704 quarum'
483 3639 513 3687 et
526 3639 716 3689 contemnere
731 3642 834 3689 ventos

141 3724 317 3785 adsuescant
330 3745 517 3801 summasque
532 3729 614 3803 sequi
629 3730 757 3786 tabulata
770 3748 824 3805 per
837 3731 941 3788 ulmos.

182 3824 225 3878 Ac
240 3823 311 3882 dum
327 3825 418 3898 prima
433 3827 515 3882 novis
529 3826 671 3884 adolescit
685 3827 836 3885 frondibus
851 3839 939 3899 aetas,
