2742 4284
171 289 188 332 2
445 270 560 334 Circe’s
583 273 717 347 Abode,·
750 274 781 334 Τ
776 275 816 336 lte
843 274 874 335 T
871 275 945 338 iber.

171 475 305 531 aequora,
321 456 414 514 tendit
429 458 483 514 iter
492 457 561 514 velis
576 467 751 533 portumque
766 460 910 534 relinquit.

170 545 326 629 Adspirant
340 573 426 612 aurae
441 556 471 612 in
486 565 605 613 noctem
616 573 672 613 nec
687 556 814 614 candida
829 575 928 614 cursus

171 654 254 710 Luna
268 662 363 727 negat,
380 652 514 727 splendet
528 654 651 712 tremulo
666 654 721 712 sub
735 655 843 711 lumine
858 663 975 729 pontus.

171 751 305 808 Proxima
320 750 458 808 Circaeae
472 749 612 808 raduntur
626 751 710 808 litora
723 761 824 821 terrae,

170 848 251 906 dives
267 847 432 905 inaccessos
447 847 498 905 ubi
513 849 585 906 Solis
599 849 657 906 lilia
670 849 752 906 lucos

170 944 294 1004 adsiduo
309 955 425 1003 resonat
440 955 527 1002 cantu
542 947 683 1021 tectisque
699 947 830 1022 superbis

129 1034 131 1038 ’
170 1043 225 1100 urit
239 1042 391 1100 odoratam
406 1053 548 1100 nocturna
562 1044 591 1100 in
606 1044 716 1101 lumina
729 1043 861 1117 cedrum,

170 1150 271 1215 arguto
286 1141 380 1197 tenuis
394 1158 565 1219 percurrens
579 1142 696 1216 pectine
712 1142 792 1199 telas.

172 1239 252 1296 Hinc
268 1237 397 1295 exaudiri
410 1239 534 1312 gemitus
549 1240 668 1313 iraeque
684 1240 803 1296 leonum

170 1337 266 1393 vincla
279 1346 464 1392 recusantum
480 1345 509 1392 et
524 1355 587 1392 sera
601 1337 654 1394 sub
670 1347 758 1393 nocte
773 1336 939 1408 rudentum,

171 1433 363 1507 saetigerique
379 1451 444 1490 sues
459 1443 546 1508 atque
562 1435 591 1490 in
606 1434 813 1509 praesaepibus
828 1435 884 1492 ursi

171 1530 280 1589 saevire
295 1549 330 1587 ac
344 1531 453 1588 formae
470 1549 641 1606 magnorum
656 1532 764 1589 ululare
779 1532 922 1607 luporum,

171 1647 245 1703 quos
261 1628 414 1685 homiuum
430 1647 466 1685 ex
481 1629 553 1686 sacie
570 1629 626 1686 dea
640 1648 726 1687 saeva
741 1630 907 1705 potentibus
922 1629 1018 1688 herbis

171 1724 304 1783 induerat
320 1725 404 1782 Circe
419 1726 449 1781 in
463 1727 557 1783 voltus
573 1745 607 1782 ac
622 1736 703 1801 terga
717 1729 850 1784 ferarum.

172 1824 256 1896 Quae
271 1840 308 1880 ne
325 1831 452 1879 monstra
466 1823 506 1897 pii
520 1833 686 1897 paterentur
701 1825 768 1881 talia
781 1827 873 1883 Troes

172 1920 260 1978 delati
276 1921 305 1977 in
319 1929 418 1994 portus
433 1938 491 1977 neu
505 1921 588 1978 litora
602 1921 664 1978 dira
679 1923 815 1994 subirent,

173 2013 328 2086 Neptunus
343 2011 435 2068 ventis
450 2012 578 2086 implevit
593 2013 656 2070 vela
670 2014 808 2072 secundis

172 2119 259 2184 atque
275 2110 372 2184 sugam
387 2108 469 2167 dedit
479 2120 514 2208 et
528 2121 642 2185 praeter
656 2111 731 2169 vada
745 2112 854 2170 fervida
866 2114 952 2171 vexit.

214 2209 336 2282 Iamque
351 2207 523 2266 rubescebat
538 2208 624 2275 radiis
639 2229 718 2267 mare
733 2222 762 2267 et
777 2211 893 2268 aethere
909 2211 946 2269 ab
960 2210 1018 2268 alto

174 2310 284 2365 Aurora
298 2306 327 2364 in
342 2306 431 2364 roseis
446 2307 574 2382 fulgebat
588 2308 666 2365 lutea
679 2308 771 2382 bigis:

174 2426 242 2464 cum
256 2406 333 2463 venti
349 2423 472 2480 posuere
487 2407 641 2480 omnisque
656 2416 776 2481 repente
791 2405 898 2464 resedit

173 2507 255 2564 flatus
270 2514 298 2562 et
313 2505 342 2562 in
356 2505 436 2562 lento
452 2505 597 2562 luctantur
611 2523 754 2562 marmore
770 2515 881 2562 tonsae.

172 2607 267 2679 Atque
283 2604 330 2661 hic
346 2606 460 2661 Aeneas
475 2604 623 2679 ingentem
636 2622 672 2660 ex
686 2621 814 2677 aequore
829 2602 927 2660 lucum

171 2702 320 2780 prospicit.
364 2703 455 2759 Hunc
470 2702 544 2758 inter
559 2701 644 2758 fluvio
659 2702 813 2759 Tiberinus
827 2720 953 2759 amoeno
1009 2709 1012 2714 '

173 2803 327 2860 verticibus
341 2800 449 2875 rapidis
465 2809 494 2857 et
508 2799 598 2856 multa
612 2799 700 2854 flavus
715 2818 803 2857 arena

171 2903 200 2959 in
216 2920 294 2959 mare
310 2899 480 2976 prorumpit.
522 2898 625 2953 Variae
641 2897 809 2971 circumque
824 2915 968 2971 supraque

172 2999 310 3057 adsuetae
325 3000 394 3074 ripis
409 2997 540 3054 volucres
556 3007 583 3051 et
600 2993 724 3051 fluminis
739 2995 821 3052 alveo

172 3099 290 3156 aethera
304 3098 472 3156 mulcebant
488 3104 574 3176 cantu
591 3095 718 3168 lucoque
733 3095 877 3152 volabant.

172 3198 303 3255 Flectere
319 3198 372 3255 iter
387 3197 472 3254 sociis
488 3206 639 3268 terraeque
656 3192 805 3252 advertere
819 3213 919 3268 proras

172 3296 294 3371 imperat
310 3306 338 3353 et
352 3296 443 3352 laetus
458 3294 544 3351 fluvio
560 3293 693 3352 succedit
708 3311 813 3368 opaco

212 3395 300 3451 Nunc
315 3413 377 3468 age,
394 3394 443 3467 qui
458 3411 549 3467 reges,
567 3394 664 3462 Erat0‚
681 3410 756 3465 quae
770 3401 904 3466 tempora
917 3408 1021 3460 rerum,

172 3491 236 3566 quis
252 3491 335 3548 Latio
350 3492 469 3565 antiquo
484 3490 567 3548 fuerit
582 3499 680 3559 status,
698 3488 811 3546 advena
826 3489 948 3546 classem

172 3607 239 3646 cum
255 3587 380 3662 primum
396 3588 531 3646 Ausoniis
546 3587 688 3644 exercitus
703 3587 814 3661 appulit
830 3585 895 3655 oris

172 3683 328 3760 expediam
344 3695 373 3744 et
387 3685 498 3761 primae
513 3685 658 3743 revocabo
674 3684 932 3758 exordia'pugnae.

302 3813 324 3846 ²⁶
334 3815 417 3861 variis.
434 3814 462 3860 R.
612 3813 634 3846 81
646 3813 779 3857 vorticibus.
797 3812 829 3856 H.
854 3811 938 3868 flavos,
949 3810 1047 3853 harena.
1064 3808 1092 3852 R.

1099 285 1225 347 [AEumn.
