2742 4284
139 299 201 360 228
402 295 468 358 Tae
490 293 573 358 Beer
594 314 652 356 are
674 292 847 357 Renewed.
882 299 1038 366 [Graecias.
1063 304 1193 370 1V.566.]

137 481 226 540 tende
241 491 345 558 petens
360 499 474 557 pacem,
490 490 520 538 et
534 479 625 538 facilis
639 497 778 538 venerare
793 479 951 555 Napaeas;
1149 489 1193 538 535

137 598 264 655 namque
279 579 391 636 dabunt
404 579 519 636 veniam
534 578 617 650 votis,
632 578 746 652 irasque
761 578 918 637 remittent.

137 677 195 736 Sed
211 677 316 735 modus
331 677 434 735 orandi
448 676 498 751 qui
512 675 557 747 sit,
573 675 652 751 prius
666 674 769 733 ordine
785 675 892 734 dicam.

138 775 270 849 Quatuor
284 774 404 832 eximios
419 773 575 850 praestanti
590 791 715 848 corpore
728 784 834 844 tauros,

137 874 187 949 qui
201 874 253 931 tibi
268 891 346 930 nunc
360 872 458 930 viridis
472 871 637 948 depascunt
652 891 766 930 summa
782 872 897 947 Lycaei,

136 971 240 1046 delige,
257 980 286 1028 et
299 971 407 1028 intacta
422 969 547 1027 totidem
564 969 678 1027 cervice
693 970 839 1027 iuvencas.
911 1045 914 1052 Ι

138 1069 270 1143 Quatuor
284 1068 327 1126 his
342 1086 404 1124 aras
420 1067 476 1124 alta
490 1066 528 1124 ad
545 1066 666 1125 delubra
678 1065 800 1124 dearum

137 1167 289 1236 constitue,
305 1177 335 1223 et
350 1184 464 1223 sacrum
480 1165 583 1240 iugulis
599 1164 721 1222 demitte
737 1183 880 1236 cruorem,

136 1282 316 1341 corporaque
332 1264 395 1339 ipsa
411 1264 502 1321 boum
517 1262 656 1321 frondoso
670 1262 774 1321 desere
789 1263 866 1321 luco.

137 1364 205 1421 Post
220 1363 269 1421 ubi
284 1380 361 1420 nona
376 1380 444 1419 suos
459 1364 570 1420 Aurora
584 1361 744 1419 ostenderit
758 1371 847 1432 ortus,

135 1460 249 1518 inferias
265 1459 375 1535 Orphei
392 1459 520 1518 lethaea
535 1477 680 1535 papavera
695 1459 800 1529 mittes,

135 1568 165 1616 et
178 1558 290 1633 nigram
304 1557 444 1616 mactabis
460 1576 555 1628 ovem,
570 1557 728 1630 lucumque
742 1557 867 1616 revises:

135 1656 279 1732 placatam
296 1654 463 1730 Eurydicen
479 1656 567 1713 vitula
580 1656 757 1713 venerabere
773 1674 867 1713 caesa.

177 1752 268 1812 Haud
284 1772 383 1811 mora:
407 1753 547 1811 continuo
562 1753 660 1810 matris
674 1763 833 1829 praecepta
847 1753 981 1826 facessit;

135 1851 173 1910 ad
188 1851 308 1910 delubra
321 1852 409 1922 venit,
425 1861 597 1909 monstratas
612 1851 720 1908 excitat
733 1869 804 1921 aras,

135 1959 259 2025 quatuor
273 1950 395 2007 eximios
410 1949 566 2025 praestanti
581 1967 704 2023 corpore
719 1958 816 2006 tauros

135 2047 216 2104 ducit
231 2057 259 2104 et
276 2047 383 2105 intacta
398 2046 521 2104 totidem
536 2047 650 2104 cervice
665 2047 811 2104 iuvencas.

137 2148 205 2202 Post
219 2145 268 2203 ubi
283 2164 362 2202 nona
376 2164 444 2202 suos
460 2147 570 2202 Aurora
584 2144 737 2202 induxerat
752 2155 841 2216 ortus,

135 2243 250 2300 inferias
267 2242 376 2317 Orphei
394 2243 487 2312 mittit,
503 2243 660 2316 lucumque
675 2241 781 2298 revisit.

135 2342 195 2398 Hic
210 2360 278 2398 vero
293 2341 419 2399 subitum
434 2360 469 2398 ac
484 2339 564 2397 dictu
581 2340 710 2397 mirabile
724 2350 887 2398 monstrum

134 2440 287 2514 aspiciunt,
304 2439 458 2514 liquefacta
472 2439 562 2496 boum
578 2456 631 2512 per
645 2437 756 2495 viscera
770 2446 833 2494 toto

134 2537 253 2595 stridere
268 2556 337 2612 apes
354 2547 435 2594 utero
450 2547 479 2594 et
493 2536 583 2610 ruptis
599 2534 736 2592 effervere
751 2535 849 2606 costis

133 2636 349 2710 immensasque
364 2635 436 2691 trahi
452 2634 553 2699 nubeS,
569 2633 686 2707 iamque
702 2633 803 2690 arbore
818 2651 932 2690 summa
986 2655 990 2662 ·

133 2734 280 2790 confluere
296 2743 325 2791 et
340 2734 423 2790 lentis
438 2751 524 2789 uvam
541 2731 694 2788 demittere
709 2731 803 2787 ramis

175 2833 260 2888 Haec
276 2850 361 2906 super
376 2849 508 2888 arvorum
522 2829 600 2886 cultu
617 2847 816 2903 pecorumque
832 2829 975 2886 canebam

133 2939 162 2984 et
177 2947 263 3003 super
277 2929 434 2998 arboribus
451 2928 559 2985 Caesar
573 2927 644 2984 durn
662 2945 783 3000 magnus
797 2925 836 2983 ad
850 2927 939 2983 altum

134 3027 263 3083 fulminat
280 3026 449 3100 Euphraten
464 3025 549 3094 bello,
565 3026 715 3100 victorque
731 3024 853 3081 volentis

133 3143 185 3197 per
199 3126 324 3198 populos
339 3122 388 3180 dat
404 3123 473 3194 iura,
489 3124 624 3198 viamque
640 3122 767 3180 adfectat
784 3122 919 3196 Olympo.

134 3221 187 3278 Illo
202 3222 360 3296 Vergilium
375 3241 422 3278 me
438 3232 570 3295 tempore
586 3221 679 3279 dulcis
695 3222 790 3278 alebat

134 3319 316 3394 Parthenope
331 3319 433 3376 studiis
448 3319 600 3377 florentem
615 3319 747 3393 ignobilis
762 3319 812 3388 oti,

132 3416 261 3473 carmina
274 3417 324 3491 qui
340 3417 393 3473 lusi
408 3427 566 3490 pastorum,
583 3415 737 3490 audaxque
753 3416 877 3486 iuventa,

131 3514 239 3588 Tityre,
255 3523 285 3571 te
299 3512 417 3589 patulae
431 3513 527 3570 cecini
543 3512 740 3588 subtegmine
756 3513 821 3587 fagi.
