2742 4284
159 303 220 382 156
502 303 568 365 rra
588 303 675 366 cast
699 303 863 386 struggle.
1089 318 1208 378 [anun.

154 489 283 546 Tantum
298 487 384 546 effata
395 498 484 562 caput
498 489 604 564 glauco
618 489 751 546 contexit
765 490 875 546 amictu
1165 491 1208 546 8⁸5

154 587 247 645 multa
260 605 381 662 gemens
396 596 425 644 et
440 604 471 643 se
486 586 573 644 fluvio
588 586 647 644 dea
660 586 796 645 condidit
809 588 878 646 alto.

194 687 310 742 Aeneas
325 687 412 742 instat
426 695 528 743 contra
542 686 690 760 telumque
705 695 840 744 cumscat

154 785 258 858 ingens
273 783 427 842 arboreum
442 793 472 842 et
486 801 574 842 saevo
589 785 631 842 sic
646 793 768 859 pectore
782 784 874 841 satur:

155 881 258 956 ‘Quae
270 900 349 939 nunc
360 880 470 939 deinde
482 897 565 939 mora
578 882 643 940 est?
683 883 743 938 Aut
756 879 829 956 quid
844 881 911 953 iam,
927 883 1034 954 Turne,
1049 887 1208 942 retractas?

156 981 225 1037 Non
241 998 335 1051 cursu,
350 980 443 1037 saevis
458 979 630 1037 certandum
646 989 690 1036 est
704 979 868 1037 cornminus
883 980 979 1038 armis.
1164 981 1207 1035 890

153 1078 241 1134 Verte
256 1077 352 1135 omnis
367 1087 426 1136 tete
441 1078 471 1134 in
485 1077 574 1134 iacies
591 1088 620 1134 et
636 1077 776 1134 contrahe
790 1076 936 1152 quidquid

154 1175 213 1231 sive
229 1175 333 1232 animis
347 1176 407 1232 sive
422 1185 482 1232 arte
498 1175 575 1232 vales
588 1196 596 1246 ;
619 1185 691 1250 opta
706 1173 796 1232 ardua
809 1175 915 1249 pennis

153 1281 229 1330 astra
243 1273 326 1347 sequi
340 1273 508 1331 clausumve
525 1283 639 1331 cavate
655 1272 784 1330 condere
799 1275 895 1330 terra!

155 1370 207 1427 Ille
223 1379 311 1445 caput
325 1389 466 1445 quassans
481 1371 570 1429 ‘Non
586 1389 633 1428 me
649 1382 699 1428 tua
713 1370 824 1428 fervida
837 1380 945 1429 terrent

154 1467 242 1540 dicta,
258 1468 356 1526 ferox:
380 1468 410 1527 di
425 1486 472 1526 me
487 1478 594 1526 terrent
609 1479 638 1525 et
653 1469 786 1544 Iuppiter
801 1468 912 1526 hostis!

155 1567 220 1623 Nec
234 1565 317 1641 plura
331 1567 433 1624 effatus
447 1585 549 1624 saxum
565 1567 763 1641 circumspicit
778 1568 889 1642 ingens,

153 1683 256 1722 saxum
270 1665 421 1739 antiquum
436 1665 547 1740 ingens,
564 1683 670 1740 campo
685 1664 767 1740 quod
781 1666 855 1723 forte
870 1665 994 1737 iacebat,

153 1763 236 1820 limes
250 1781 320 1838 agro
334 1763 455 1837 positus,
469 1763 550 1820 litem
564 1773 595 1820 ut
610 1763 788 1821 discerneret
801 1764 883 1821 arvis.

153 1860 209 1916 Vix
223 1857 294 1917 illud
307 1859 375 1917 lecti
389 1860 434 1918 bis
448 1879 500 1918 sex
514 1862 627 1918 cervice
643 1862 782 1932 subirent,

153 1957 248 2032 qualia
261 1975 341 2014 nunc
355 1957 507 2016 hominum
521 1958 658 2033 producit
672 1977 797 2034 corpora
810 1959 913 2018 tellus:

153 2054 198 2112 ille
215 2073 303 2112 manu
317 2065 432 2129 raptum
446 2055 561 2131 trepida
573 2057 729 2132 torquebat
742 2058 772 2115 in
788 2057 904 2114 hostem

152 2151 236 2209 altior
249 2153 400 2227 insurgens
415 2163 445 2211 et
459 2172 544 2213 cursu
558 2155 692 2213 concitus
707 2154 803 2212 heros.

153 2248 211 2308 Sed
225 2267 321 2324 neque
337 2261 502 2308 currentem
516 2270 547 2309 se
562 2271 619 2309 nec
633 2253 787 2328 cognoscit
802 2262 921 2310 euntem

152 2347 338 2405 tollentemve
353 2367 456 2406 manus
471 2367 607 2407 saxumve
622 2351 751 2408 immane
766 2361 955 2424 moventem3

152 2465 248 2521 genua
261 2446 368 2519 labant,
383 2446 496 2522 gelidus
511 2449 661 2506 concrevit
674 2448 779 2523 frigore
795 2449 922 2525 sanguis.

151 2544 227 2601 Tum
243 2544 315 2620 lapis
330 2544 392 2619 ipse
406 2545 467 2617 viri,
482 2564 607 2603 vacuum
622 2565 675 2620 per
690 2547 775 2604 inane
791 2548 916 2617 volutus

151 2660 208 2699 nec
222 2642 349 2716 spatium
363 2642 453 2700 evasit
467 2652 562 2701 totum
576 2662 672 2718 neque
689 2644 805 2719 pertulit
821 2646 922 2704 ictum.

152 2742 196 2796 Ac
210 2739 287 2796 velut
302 2740 331 2796 in
346 2740 465 2811 somnis,
480 2741 583 2798 oculos
598 2741 647 2799 ubi
662 2741 800 2817 languida
813 2744 917 2818 pressit

151 2846 238 2894 nocte
253 2836 344 2911 quies,
359 2837 538 2911 nequiquam
553 2838 654 2896 avidos
669 2839 829 2898 extendere
844 2859 944 2899 cursus

151 2934 223 2992 velle
238 2934 371 2992 videmur
385 2935 459 2992 etin
474 2935 577 2994 mediis
593 2938 746 2996 conatibus
760 2940 837 3014 aegri

151 3030 339 3104 succidimus,
353 3050 414 3090 non
428 3032 526 3107 lingua
539 3035 624 3106 valet,
640 3054 700 3093 non
715 3055 838 3112 corpore
853 3048 942 3096 notae

151 3128 297 3187 sufficiunt
310 3131 393 3202 vires,
408 3148 464 3188 nec
479 3150 536 3188 vox
550 3141 599 3189 aut
612 3134 701 3192 verba
714 3145 891 3219 sequuntur:

151 3227 193 3284 sic
207 3227 316 3299 Turno,
331 3246 518 3303 quacumque
532 3230 609 3287 viam
625 3232 728 3289 virtute
743 3233 853 3307 petivit,

151 3343 320 3383 successum
335 3325 392 3383 dea
406 3325 469 3384 dira
482 3339 578 3402 negat.
621 3329 698 3387 Tum
713 3339 834 3404 pectore
848 3319 962 3390 sensus

150 3432 299 3481 vertuntur
312 3424 389 3481 varii.
433 3426 557 3484 Rutulos
572 3436 705 3502 aspectat
719 3438 749 3485 et
764 3429 866 3486 urbem

151 3530 361 3596 cunctaturque
377 3533 456 3580 metu
470 3522 619 3599 letumque
635 3524 742 3583 instare
757 3527 925 3600 tremescit3

151 3637 207 3676 nec
222 3636 281 3694 quo
296 3637 328 3677 se
342 3621 454 3696 eripiat,
468 3639 525 3678 nec
539 3639 599 3696 qua
611 3623 639 3681 vi
655 3623 758 3681 tendat
772 3625 801 3681 in
817 3625 941 3696 hostem,

151 3735 207 3773 nec
222 3735 321 3774 currus
336 3736 459 3793 usquam
473 3716 554 3776 videt
567 3720 732 3796 aurigamve
747 3739 887 3780 sororem.

152 3814 309 3872 Cunctanti
324 3815 413 3873 telum
429 3817 542 3874 Aeneas
557 3817 641 3875 fatale
657 3829 800 3885 coruscat,
