2742 4284
162 315 208 362 xl.
217 313 278 373 915·]
366 297 496 359 Turnus
519 297 688 381 Departs,·
712 300 843 362 Aeneas
864 302 1011 366 Arrives.

163 496 217 554 Ille
232 494 337 564 furens,
354 500 383 548 et
397 507 483 547 saeva
497 491 575 548 lovis
590 490 632 548 sic
647 493 768 550 numina
782 494 902 567 pellunt,

163 592 273 651 deserit
287 591 422 648 obsessos
437 588 528 660 collis,
544 607 665 646 nemora
678 609 782 665 aspera
796 592 908 667 linquit.

162 692 221 748 Vix
235 709 252 747 e
267 696 428 763 conspectu
445 688 554 744 exierat
567 706 767 763 campumque
783 690 910 762 tenebat,

164 808 232 846 cum
247 798 329 862 pater
344 788 459 843 Aeneas
474 785 563 865 saltus
579 786 725 861 ingressus
739 798 854 861 apertos

164 896 376 960 exsuperatque
392 884 491 958 iugum
507 883 635 957 silvaque
650 883 749 942 evadit
763 903 866 960 opaca.

164 985 211 1042 Sic
226 984 315 1040 ambo
329 981 367 1039 ad
382 999 480 1038 muros
495 981 588 1056 rapidi
603 989 725 1056 totoque
739 981 868 1040 feruntur

164 1081 279 1156 agmine
294 1098 351 1137 nec
365 1079 458 1154 longis
473 1079 548 1134 inter
562 1097 592 1136 se
607 1078 740 1153 passibus
755 1078 881 1152 absunt3

164 1197 198 1234 ac
213 1179 299 1235 simul
314 1180 428 1234 Aeneas
443 1175 581 1233 fumantis
596 1175 715 1251 pulvere
729 1195 851 1251 campos

163 1276 312 1350 prospexit
328 1276 415 1349 longe
431 1274 645 1348 Laurentiaque
660 1275 777 1349 agmina
791 1275 872 1347 vidit,

163 1363 193 1432 et
207 1391 325 1431 saevum
341 1375 461 1431 Aenean
476 1373 616 1448 adgnovit
630 1374 744 1431 Turnus
759 1374 890 1432 inarmis

162 1472 379 1546 adventumque
394 1471 505 1546 pedum
522 1470 665 1546 flatusque
680 1470 789 1528 audivit
803 1490 954 1546 equomm.

163 1570 371 1644 Continuoque
385 1569 486 1626 ineant
501 1587 612 1644 pugnas
628 1579 657 1626 et
672 1569 784 1644 proelia
796 1580 950 1646 temptent,

163 1667 193 1724 ni
207 1686 307 1724 roseus
321 1667 413 1724 fessos
428 1667 486 1724 iam
501 1667 612 1742 gurgite
630 1667 765 1724 Phoebus
781 1668 894 1725 Hibero

162 1764 274 1840 tinguat
288 1784 381 1840 equos
395 1775 574 1840 noctemque
594 1764 642 1822 die
657 1764 776 1822 labente
790 1765 929 1823 reducat:

163 1862 321 1920 considunt
335 1863 435 1920 castris
449 1872 517 1920 ante
532 1863 636 1921 urbem
650 1872 680 1919 et
695 1863 813 1919 moenia
827 1862 941 1921 vallant.

1160 321 1220 386 129
