2742 4284
113 289 245 355 1X·495·]
364 281 507 346 Lamenl
528 284 568 364 eff
584 284 762 366 Euryalus'
787 286 924 352 Mother.

112 467 231 524 Turnus
246 466 276 523 in
291 484 371 524 arma
385 467 468 538 viros,
484 468 570 526 armis
585 469 782 530 circumdatus
795 471 869 546 ipse,

112 564 245 635 suscitat,
260 573 431 639 aeratasque
445 566 523 624 acies
539 566 568 622 in
582 567 692 640 proelia
706 569 786 643 cogit

111 660 240 738 quisque
255 680 322 719 suas
337 662 478 737 variisque
492 674 602 722 acuunt
615 665 778 724 rumoribus
791 666 856 725 iras.

112 760 194 835 Quin
209 759 274 834 ipsa
288 760 406 817 arrectis
425 759 503 836 (visu
518 759 697 838 miserabile)
716 763 745 820 in
761 763 849 822 hastis

111 857 279 934 praefigunt
294 857 392 932 capita
405 867 434 915 et
449 857 541 915 multo
555 859 683 916 clamore
700 871 859 935 sequuntur

113 955 233 1032 Euryali
248 964 278 1011 et
293 954 365 1012 Nisi.

111 1051 272 1112 Aeneadae
289 1051 353 1109 duri
369 1070 516 1111 murorum
532 1053 561 1110 in
576 1065 657 1128 parte
673 1055 786 1114 sinistra

111 1169 281 1227 opposuere
296 1150 400 1220 aciem,
416 1169 485 1208 narn
500 1150 620 1210 dextera
636 1153 762 1230 cingitur
774 1157 862 1227 amni,

111 1249 299 1325 ingentisque
314 1258 416 1306 tenent
430 1248 521 1306 fossas
536 1258 566 1306 et
583 1251 707 1308 turribus
722 1253 784 1310 altis

110 1356 191 1405 stant
205 1347 328 1418 maesti,
349 1347 435 1404 simul
450 1365 502 1404 ora
517 1348 610 1406 virum
625 1350 754 1424 praelixa
768 1353 935 1424 movebant,

109 1455 183 1504 nota
198 1445 283 1502 nimis
298 1445 410 1502 miseris
424 1455 546 1520 atroque
563 1445 682 1506 fluentia
696 1449 774 1507 tabo.

155 1545 273 1600 Interea
286 1542 423 1617 pavidam
439 1542 562 1602 volitans
578 1555 707 1619 pennata
719 1564 773 1621 per
786 1549 887 1606 urbem

109 1642 215 1699 nuntia
230 1641 321 1698 Fama
334 1641 390 1698 ruit
405 1642 563 1717 matrisque
580 1642 724 1701 adlabitur
737 1645 812 1702 auris

111 1738 240 1814 Euryali.
283 1742 320 1796 At
335 1739 445 1797 subitus
462 1739 583 1798 miserae
601 1740 680 1798 calor
694 1760 761 1798 ossa
774 1743 896 1818 reliquit,

110 1837 227 1895 excussi
243 1836 376 1894 manibus
390 1836 463 1894 radii
479 1838 669 1912 revolutaque
685 1857 785 1914 pensa.

111 1935 218 1993 Evolat
232 1934 332 1991 infelix
346 1945 375 1992 et
389 1935 518 1993 femineo
534 1935 651 2008 ululatu,

110 2033 202 2091 scissa
218 2051 347 2102 comam,
363 2051 461 2090 muros
476 2051 578 2092 amens
594 2045 681 2109 atque
696 2037 813 2110 agmina
827 2056 912 2096 cursu

110 2131 206 2206 prima
219 2130 300 2204 petit,
315 2148 376 2187 non
391 2130 438 2188 illa
452 2131 554 2201 virum,
571 2150 631 2189 non
646 2132 695 2189 illa
707 2135 809 2208 pericli

110 2229 295 2302 telorumque
310 2245 442 2299 memor,
465 2229 579 2286 caelum
596 2229 705 2288 debinc
719 2233 870 2306 questibus
884 2235 1002 2308 implet:

111 2327 223 2382 ‘Hunc
239 2342 295 2400 ego
310 2334 348 2395 te,
365 2325 498 2400 Euryale,
515 2327 648 2400 aspicio?
689 2330 775 2387 Tune
790 2331 837 2386 illa
851 2342 989 2389 senectae

110 2442 176 2481 sera
191 2440 275 2480 meae
289 2422 414 2497 requies,
432 2424 550 2498 potuisti
568 2425 698 2500 linquere
714 2428 815 2497 solam,

111 2521 261 2579 crudelis?
302 2521 421 2592 Necte,
437 2523 492 2580 sub
508 2533 587 2580 tauta
602 2525 731 2598 pericula
744 2527 873 2587 missum.

110 2619 202 2678 adfari
218 2628 381 2677 extremum
397 2620 519 2678 miserae
536 2621 606 2678 data
620 2622 708 2696 copia
723 2625 826 2681 matri?

113 2721 194 2788 Heu,
210 2728 284 2774 terra
298 2717 400 2794 ignota
414 2718 535 2776 canibus
551 2718 621 2776 data
635 2720 745 2794 praeda
759 2722 868 2780 Latinis

111 2816 286 2890 alitibusque
302 2815 389 2887 iaces,
406 2828 516 2889 necte,
534 2827 583 2875 tua
598 2818 700 2875 funera
714 2829 807 2877 mater

112 2913 239 2989 produxi
254 2914 381 2989 pressive
397 2916 499 2974 oculos
515 2925 565 2974 aut
580 2917 700 2974 volnera
715 2917 778 2989 lavi,

112 3022 192 3070 veste
207 3021 319 3086 tegens,
333 3014 385 3072 tibi
401 3033 489 3090 quani
506 3024 610 3074 noctes
626 3014 731 3072 festina
745 3014 867 3091 diesque

113 3109 253 3185 urgebam
267 3119 297 3168 et
311 3112 370 3169 tela
383 3131 466 3171 curas
481 3113 595 3172 solabar
609 3115 701 3172 anilis.

114 3207 183 3281 Quo
198 3226 311 3283 sequar,
328 3219 377 3267 aut
391 3228 467 3284 quae
482 3230 561 3268 nunc
576 3222 653 3270 artus
670 3213 826 3288 avolsaque
841 3214 972 3271 membra

114 3315 143 3362 et
157 3307 243 3364 sunus
258 3306 387 3365 lacerum
402 3308 484 3366 tellus
500 3309 609 3368 habet?
650 3312 722 3369 Hoc
738 3311 809 3370 mihi
824 3310 861 3368 de
877 3322 915 3381 te,

114 3415 192 3475 nate,
206 3405 317 3462 refers?
359 3406 429 3463 Hoc
445 3424 509 3464 sum
524 3416 656 3482 terraque
672 3410 803 3484 marique
818 3411 941 3470 secuta?

115 3503 208 3578 Figite
224 3521 281 3573 me,
298 3503 381 3578 siqua
394 3513 439 3562 est
452 3505 554 3579 pietas,
570 3506 600 3562 in'
615 3525 662 3563 me
678 3508 777 3564 omnia
792 3508 850 3564 tela

115 3600 251 3672 conicite,
267 3618 285 3659 o
300 3600 409 3672 Rutuli,
426 3620 473 3659 me
490 3603 613 3676 primam
630 3604 773 3665 absumite
790 3606 883 3663 ferro:

115 3708 164 3756 aut
178 3708 219 3770 tu,
235 3715 342 3774 magne
357 3708 439 3774 pater
453 3699 561 3770 divom,
579 3701 713 3758 miserere
729 3711 839 3777 tuoque

524 3827 556 3862 4⁸¹
572 3828 621 3876 ille.
643 3830 672 3876 R.
682 3831 731 3875 and
742 3830 770 3877 C.
851 3865 858 3877 .
