2742 4284
178 325 196 386 8
470 323 614 387 Ilioneus
643 325 674 387 T
669 325 730 388 alls
753 324 806 387 lais
830 325 935 407 Story.

176 510 284 586 accipit
298 521 327 570 et
342 531 495 571 numerum
510 511 644 571 divorum
660 514 794 572 altaribus
809 516 914 589 auget!

218 608 346 681 Dixerat,
362 620 391 667 et
405 609 485 668 dicta
499 610 628 672 Ilioneus
643 611 684 668 sic
700 628 773 668 voce
788 621 924 670 secutus:

177 708 251 779 Rex,
266 725 358 782 genus
373 708 520 783 egregium
538 708 638 778 Fauni,
654 725 710 765 nec
726 708 861 767 fluctibus
875 719 967 781 actos,

177 816 238 863 atra
252 804 366 880 subegit
380 805 495 880 hiemps
509 806 609 864 vestris
626 806 786 864 succedere
802 808 882 866 terris

176 921 232 961 nec
247 902 327 961 sidus
340 904 459 978 regione
474 903 537 961 viae
552 903 654 962 litusve
669 905 786 962 fefellit:

176 1001 299 1059 consilio
314 1001 390 1058 hanc
404 1019 507 1059 omnes
524 1001 685 1077 animisque
700 1004 863 1061 volentibus
877 1005 989 1072 urbem,

176 1100 340 1172 adferimur,
356 1099 430 1175 pulsi
445 1101 549 1175 regnis,
564 1119 639 1176 quae
654 1103 782 1159 maxima
795 1101 945 1176 quondam

177 1208 307 1256 extremo
321 1199 440 1255 veniens
455 1198 503 1256 Sol
521 1200 681 1273 aspiciebat
697 1201 834 1276 Olympo.

177 1296 223 1356 Ab
237 1299 309 1355 Iove
324 1297 499 1371 principium
514 1299 637 1371 generiS,
653 1300 724 1355 Iove
740 1298 880 1356 Dardana
893 1298 987 1372 pubes

176 1394 284 1470 gaudet
298 1413 362 1467 av0,
378 1413 428 1452 rex
443 1395 504 1469 ipse
521 1395 599 1452 Iovis
614 1394 652 1452 de
667 1407 754 1470 gente
769 1413 913 1470 suprema,

175 1494 279 1550 Troius
293 1494 418 1563 Aeneas,
436 1503 485 1549 tua
499 1511 553 1551 nos
569 1493 608 1550 ad
623 1493 723 1550 limina
736 1494 822 1550 misit.

177 1591 294 1665 Quanta
308 1609 360 1665 per
375 1590 481 1648 Idaeos
497 1593 590 1648 saevis
605 1591 697 1649 effusa
712 1593 845 1666 Mycenis

176 1698 334 1764 tempestas
350 1690 412 1745 ierit
428 1707 557 1764 campos,
574 1689 679 1763 quibus
694 1700 777 1747 actus
791 1700 912 1764 uterque

178 1788 313 1861 Europae
328 1795 415 1859 atque
432 1787 517 1843 Asiae
534 1786 597 1842 satis
614 1788 792 1843 concurrerit
806 1787 892 1856 orbis,

177 1883 268 1942 audiit
283 1894 312 1941 et
326 1885 440 1958 siquem
456 1884 539 1940 tellus
555 1893 685 1940 extrema
698 1883 794 1941 refuso

176 1991 342 2040 summovet
357 1999 471 2039 oceano
487 1991 517 2039 et
533 1982 647 2056 siquem
662 1992 780 2040 extenta
797 1983 947 2057 plagarum
985 1968 989 1974 ⁵

177 2089 313 2155 quattuor
328 2080 356 2136 in
373 2079 472 2137 medio
488 2078 595 2137 dirimit
609 2081 696 2154 plaga
709 2080 777 2136 solis
792 2081 892 2153 iniqui.

178 2177 296 2236 Diluvio
311 2195 347 2234 ex
361 2177 410 2234 illo
425 2187 467 2234 tot
482 2187 562 2235 vasta
577 2196 629 2252 per
642 2195 771 2252 aequora
784 2179 860 2235 vecti

177 2276 223 2334 dis
238 2274 339 2333 sedem
355 2276 488 2350 exiguam
505 2277 603 2350 patriis
619 2276 743 2349 litusque
757 2294 893 2350 rogamus

177 2375 337 2431 innocuum
352 2383 380 2430 et
396 2375 509 2431 cunctis
525 2373 694 2448 undamque
709 2391 867 2448 auramque
881 2383 1041 2448 patentem.

178 2473 248 2530 Non
264 2471 369 2530 erimus
385 2490 475 2546 regno
491 2471 655 2543 indecores,
672 2489 730 2528 nec
745 2480 839 2528 vestra
853 2471 960 2528 feretur

177 2571 254 2628 fama
267 2570 339 2628 levis
354 2571 483 2645 tantique
501 2571 649 2629 abolescet
663 2570 754 2644 gratia
768 2569 845 2639 facti,

178 2687 234 2725 nec
248 2668 366 2727 Troiam
382 2669 526 2725 Ausonios
544 2669 655 2742 gremio
671 2668 822 2740 excepisse
837 2668 956 2741 pigebit.

178 2767 251 2823 Fata
265 2785 318 2840 per
332 2767 449 2822 Aeneae
465 2767 527 2822 iuro
543 2764 736 2839 dextramque
751 2774 906 2839 potentem

177 2864 236 2921 sive
252 2862 310 2921 fide
324 2882 377 2920 seu
392 2864 456 2937 quis
471 2863 549 2920 bello
565 2873 607 2919 est
622 2873 758 2936 expertus
773 2872 802 2919 et
816 2863 920 2919 armis:

178 2962 258 3018 multi
274 2979 327 3019 nos
343 2961 452 3036 populi,
470 2961 576 3017 multae
598 2959 650 3034 (ne
667 2970 774 3029 temne,
790 2959 870 3033 quod
885 2961 959 3016 ultro

178 3059 365 3134 praeferimus
380 3059 512 3117 manibus
529 3060 613 3115 vittas
628 3077 662 3115 ac
677 3059 766 3115 verba
779 3056 944 3132 precantia)
963 3080 965 3083 ·

178 3167 207 3214 et
221 3157 330 3232 petiere
345 3156 399 3214 sibi
414 3167 443 3214 et
458 3158 575 3214 voluere
591 3156 749 3230 adiungere
764 3167 885 3230 gentes;

178 3254 231 3313 sed
244 3271 300 3312 nos
314 3255 372 3312 lata
386 3255 474 3312 deum
492 3264 598 3312 vestras
614 3254 763 3327 exquirere
778 3265 867 3310 terras

178 3353 305 3428 imperiis
319 3371 404 3428 egere
419 3354 503 3418 suis„
533 3354 613 3410 Hinc
632 3350 787 3410 Dardanus
801 3363 900 3422 ortus;
992 3422 996 3426 Α

178 3449 235 3508 huc
250 3451 354 3526 repetit
370 3452 511 3526 iussisque
529 3451 694 3526 ingentibus
711 3442 814 3525 urguet
828 3450 934 3524 Apollo

177 3548 359 3623 Tyrrhenum
374 3548 411 3606 ad
426 3549 566 3624 Thybrim
582 3559 610 3605 et
627 3549 714 3606 sontis
729 3547 804 3605 vada
818 3565 899 3605 sacra
914 3546 1043 3604 Numici.

179 3646 237 3703 Dat
251 3646 302 3703 tibi
317 3655 466 3721 praeterea
479 3647 611 3704 fortunae
626 3661 716 3720 parva
730 3645 832 3720 prioris
924 3691 928 3696 .

178 3761 307 3814 munera,
322 3744 456 3818 reliquias
471 3744 560 3803 Troia
575 3762 612 3800 ex
627 3743 749 3800 ardente
765 3752 906 3818 receptas.

179 3841 249 3898 Hoc
263 3849 346 3915 pater
360 3841 501 3900 Anchises
516 3860 587 3899 auro
601 3840 709 3899 libabat
724 3840 762 3898 ad
776 3859 838 3898 aras
846 3863 854 3912 3

1103 335 1226 400 [AEuarn.
