<?xml version="1.0" encoding="UTF-8"?>
<!DOCTYPE html PUBLIC "-//W3C//DTD XHTML 1.0 Transitional//EN"
    "http://www.w3.org/TR/xhtml1/DTD/xhtml1-transitional.dtd">
<html xmlns="http://www.w3.org/1999/xhtml" xml:lang="en" lang="en">
 <head>
  <title>
</title>
<meta http-equiv="Content-Type" content="text/html;charset=utf-8" />
  <meta name='ocr-system' content='tesseract 3.04.00' />
  <meta name='ocr-capabilities' content='ocr_page ocr_carea ocr_par ocr_line ocrx_word'/>
</head>
<body>
  <div class='ocr_page' id='page_1' title='image "./greaterpoemsvir03virggoog_0163.png"; bbox 0 0 2742 4284; ppageno 0'>
   <div class='ocr_carea' id='block_1_1' title="bbox 151 283 1205 368">
    <p class='ocr_par' dir='ltr' id='par_1_1' title="bbox 151 283 1205 368">
     <span class='ocr_line' id='line_1_1' title="bbox 151 283 1205 368; baseline 0.009 -28"><span class='ocrx_word' id='word_1_1' title='bbox 151 298 209 343; x_wconf 75' lang='grc' dir='ltr'>ΧΠ.</span> <span class='ocrx_word' id='word_1_2' title='bbox 222 295 282 355; x_wconf 70' lang='lat'>952]</span> <span class='ocrx_word' id='word_1_3' title='bbox 352 283 481 344; x_wconf 82' lang='lat' dir='ltr'>Turnus</span> <span class='ocrx_word' id='word_1_4' title='bbox 506 284 625 360; x_wconf 70' lang='lat' dir='ltr'>Yieldr,</span> <span class='ocrx_word' id='word_1_5' title='bbox 645 285 674 345; x_wconf 79' lang='lat' dir='ltr'>z‘s</span> <span class='ocrx_word' id='word_1_6' title='bbox 693 284 799 360; x_wconf 85' lang='lat' dir='ltr'>Slain,</span> <span class='ocrx_word' id='word_1_7' title='bbox 817 288 890 348; x_wconf 87' lang='lat' dir='ltr'>and</span> <span class='ocrx_word' id='word_1_8' title='bbox 900 286 1084 368; x_wconf 69' lang='lat' dir='ltr'>Despoiled</span> <span class='ocrx_word' id='word_1_9' title='bbox 1147 303 1205 368; x_wconf 82' lang='lat'>157</span> 
     </span>
    </p>
   </div>
   <div class='ocr_carea' id='block_1_2' title="bbox 148 469 1207 3680">
    <p class='ocr_par' dir='ltr' id='par_1_2' title="bbox 151 469 1207 935">
     <span class='ocr_line' id='line_1_2' title="bbox 151 469 1207 546; baseline 0.002 -20"><span class='ocrx_word' id='word_1_10' title='bbox 151 469 268 528; x_wconf 91' lang='lat' dir='ltr'>sortitus</span> <span class='ocrx_word' id='word_1_11' title='bbox 283 469 429 527; x_wconf 83' lang='lat' dir='ltr'>fortunam</span> <span class='ocrx_word' id='word_1_12' title='bbox 444 470 551 541; x_wconf 91' lang='lat' dir='ltr'>oculis,.</span> <span class='ocrx_word' id='word_1_13' title='bbox 560 481 590 528; x_wconf 97' lang='lat' dir='ltr'>et</span> <span class='ocrx_word' id='word_1_14' title='bbox 604 489 727 546; x_wconf 90' lang='lat' dir='ltr'>corpore</span> <span class='ocrx_word' id='word_1_15' title='bbox 743 481 805 529; x_wconf 94' lang='lat' dir='ltr'>toto</span> <span class='ocrx_word' id='word_1_16' title='bbox 1163 485 1207 528; x_wconf 73' lang='lat'>9²0</span> 
     </span>
     <span class='ocr_line' id='line_1_3' title="bbox 151 567 892 645; baseline 0.003 -21"><span class='ocrx_word' id='word_1_17' title='bbox 151 567 265 625; x_wconf 89' lang='lat' dir='ltr'>eminus</span> <span class='ocrx_word' id='word_1_18' title='bbox 279 568 435 642; x_wconf 86' lang='lat' dir='ltr'>intorquet.</span> <span class='ocrx_word' id='word_1_19' title='bbox 480 569 585 625; x_wconf 87' lang='lat' dir='ltr'>Murali</span> <span class='ocrx_word' id='word_1_20' title='bbox 600 569 717 626; x_wconf 89' lang='lat' dir='ltr'>concita</span> <span class='ocrx_word' id='word_1_21' title='bbox 731 588 892 645; x_wconf 88' lang='lat' dir='ltr'><strong>numquam</strong></span> 
     </span>
     <span class='ocr_line' id='line_1_4' title="bbox 151 665 882 736; baseline 0.003 -14"><span class='ocrx_word' id='word_1_22' title='bbox 151 674 298 723; x_wconf 90' lang='lat' dir='ltr'>tormento</span> <span class='ocrx_word' id='word_1_23' title='bbox 313 665 354 723; x_wconf 90' lang='lat' dir='ltr'>sic</span> <span class='ocrx_word' id='word_1_24' title='bbox 370 683 439 722; x_wconf 88' lang='lat' dir='ltr'>saxa</span> <span class='ocrx_word' id='word_1_25' title='bbox 453 666 587 736; x_wconf 83' lang='lat' dir='ltr'>fremunt,</span> <span class='ocrx_word' id='word_1_26' title='bbox 603 684 659 722; x_wconf 90' lang='lat' dir='ltr'>nec</span> <span class='ocrx_word' id='word_1_27' title='bbox 674 665 795 723; x_wconf 83' lang='lat' dir='ltr'>fulmine</span> <span class='ocrx_word' id='word_1_28' title='bbox 811 668 882 725; x_wconf 91' lang='lat' dir='ltr'>tanti</span> 
     </span>
     <span class='ocr_line' id='line_1_5' title="bbox 152 761 889 836; baseline 0.003 -16"><span class='ocrx_word' id='word_1_29' title='bbox 152 761 304 820; x_wconf 79' lang='lat' dir='ltr'>dissultant</span> <span class='ocrx_word' id='word_1_30' title='bbox 319 762 454 836; x_wconf 87' lang='lat' dir='ltr'>crepitus.</span> <span class='ocrx_word' id='word_1_31' title='bbox 497 762 584 820; x_wconf 89' lang='lat' dir='ltr'>Volat</span> <span class='ocrx_word' id='word_1_32' title='bbox 597 763 650 820; x_wconf 92' lang='lat' dir='ltr'>atri</span> <span class='ocrx_word' id='word_1_33' title='bbox 665 764 786 822; x_wconf 85' lang='lat' dir='ltr'>turbinis</span> <span class='ocrx_word' id='word_1_34' title='bbox 801 765 889 822; x_wconf 90' lang='lat' dir='ltr'>instar</span> 
     </span>
     <span class='ocr_line' id='line_1_6' title="bbox 151 858 863 935; baseline 0.004 -19"><span class='ocrx_word' id='word_1_35' title='bbox 151 860 270 917; x_wconf 90' lang='lat' dir='ltr'>exitium</span> <span class='ocrx_word' id='word_1_36' title='bbox 285 859 380 917; x_wconf 88' lang='lat' dir='ltr'>dirum</span> <span class='ocrx_word' id='word_1_37' title='bbox 395 858 478 917; x_wconf 90' lang='lat' dir='ltr'>hasta</span> <span class='ocrx_word' id='word_1_38' title='bbox 491 860 586 917; x_wconf 86' lang='lat' dir='ltr'>ferens</span> <span class='ocrx_word' id='word_1_39' title='bbox 601 878 725 935; x_wconf 90' lang='lat' dir='ltr'>orasque</span> <span class='ocrx_word' id='word_1_40' title='bbox 739 861 863 919; x_wconf 88' lang='lat' dir='ltr'>recludit</span> 
     </span>
    </p>

    <p class='ocr_par' dir='ltr' id='par_1_3' title="bbox 149 957 886 1033">
     <span class='ocr_line' id='line_1_7' title="bbox 149 957 886 1033; baseline 0.004 -18"><span class='ocrx_word' id='word_1_41' title='bbox 149 958 255 1015; x_wconf 91' lang='lat' dir='ltr'>loricae</span> <span class='ocrx_word' id='word_1_42' title='bbox 271 967 300 1014; x_wconf 93' lang='lat' dir='ltr'>et</span> <span class='ocrx_word' id='word_1_43' title='bbox 316 957 402 1031; x_wconf 91' lang='lat' dir='ltr'>clipei</span> <span class='ocrx_word' id='word_1_44' title='bbox 417 966 563 1014; x_wconf 86' lang='lat' dir='ltr'>extremos</span> <span class='ocrx_word' id='word_1_45' title='bbox 578 959 776 1033; x_wconf 90' lang='lat' dir='ltr'>septemplicis</span> <span class='ocrx_word' id='word_1_46' title='bbox 791 959 886 1018; x_wconf 87' lang='lat' dir='ltr'>orbes.</span> 
     </span>
    </p>

    <p class='ocr_par' dir='ltr' id='par_1_4' title="bbox 150 1053 966 1327">
     <span class='ocr_line' id='line_1_8' title="bbox 150 1053 966 1115; baseline 0.004 -3"><span class='ocrx_word' id='word_1_47' title='bbox 150 1056 205 1112; x_wconf 91' lang='lat' dir='ltr'>Per</span> <span class='ocrx_word' id='word_1_48' title='bbox 218 1053 349 1111; x_wconf 90' lang='lat' dir='ltr'>medium</span> <span class='ocrx_word' id='word_1_49' title='bbox 365 1053 489 1112; x_wconf 90' lang='lat' dir='ltr'>stridens</span> <span class='ocrx_word' id='word_1_50' title='bbox 504 1055 605 1112; x_wconf 81' lang='lat' dir='ltr'>transit</span> <span class='ocrx_word' id='word_1_51' title='bbox 620 1055 723 1112; x_wconf 84' lang='lat' dir='ltr'>femur.</span> <span class='ocrx_word' id='word_1_52' title='bbox 768 1055 878 1114; x_wconf 88' lang='lat' dir='ltr'>Incidit</span> <span class='ocrx_word' id='word_1_53' title='bbox 892 1058 966 1115; x_wconf 88' lang='lat' dir='ltr'>ictus</span> 
     </span>
     <span class='ocr_line' id='line_1_9' title="bbox 150 1149 860 1228; baseline 0.003 -20"><span class='ocrx_word' id='word_1_54' title='bbox 150 1152 253 1226; x_wconf 89' lang='lat' dir='ltr'>ingens</span> <span class='ocrx_word' id='word_1_55' title='bbox 267 1149 307 1208; x_wconf 85' lang='lat' dir='ltr'>ad</span> <span class='ocrx_word' id='word_1_56' title='bbox 321 1161 426 1208; x_wconf 89' lang='lat' dir='ltr'>terram</span> <span class='ocrx_word' id='word_1_57' title='bbox 441 1149 591 1227; x_wconf 91' lang='lat' dir='ltr'>duplicato</span> <span class='ocrx_word' id='word_1_58' title='bbox 605 1153 718 1228; x_wconf 90' lang='lat' dir='ltr'>poplite</span> <span class='ocrx_word' id='word_1_59' title='bbox 735 1154 860 1211; x_wconf 89' lang='lat' dir='ltr'>Turnus.</span> 
     </span>
     <span class='ocr_line' id='line_1_10' title="bbox 151 1249 882 1327; baseline 0.001 -19"><span class='ocrx_word' id='word_1_60' title='bbox 151 1249 339 1324; x_wconf 87' lang='lat' dir='ltr'>Consurgunt</span> <span class='ocrx_word' id='word_1_61' title='bbox 353 1249 464 1324; x_wconf 87' lang='lat' dir='ltr'>gemitu</span> <span class='ocrx_word' id='word_1_62' title='bbox 480 1249 589 1321; x_wconf 89' lang='lat' dir='ltr'>Rutuli,</span> <span class='ocrx_word' id='word_1_63' title='bbox 605 1258 743 1325; x_wconf 88' lang='lat' dir='ltr'>totusque</span> <span class='ocrx_word' id='word_1_64' title='bbox 757 1253 882 1327; x_wconf 86' lang='lat' dir='ltr'>remugit</span> 
     </span>
    </p>

    <p class='ocr_par' dir='ltr' id='par_1_5' title="bbox 149 1346 1049 1717">
     <span class='ocr_line' id='line_1_11' title="bbox 150 1346 987 1417; baseline 0.006 -13"><span class='ocrx_word' id='word_1_65' title='bbox 150 1365 236 1404; x_wconf 89' lang='lat' dir='ltr'>mons</span> <span class='ocrx_word' id='word_1_66' title='bbox 251 1346 371 1417; x_wconf 90' lang='lat' dir='ltr'>circum,</span> <span class='ocrx_word' id='word_1_67' title='bbox 387 1356 416 1404; x_wconf 92' lang='lat' dir='ltr'>et</span> <span class='ocrx_word' id='word_1_68' title='bbox 430 1365 536 1405; x_wconf 88' lang='lat' dir='ltr'>vocem</span> <span class='ocrx_word' id='word_1_69' title='bbox 550 1347 606 1406; x_wconf 92' lang='lat' dir='ltr'>late</span> <span class='ocrx_word' id='word_1_70' title='bbox 622 1366 744 1405; x_wconf 91' lang='lat' dir='ltr'>nemora</span> <span class='ocrx_word' id='word_1_71' title='bbox 758 1350 816 1406; x_wconf 87' lang='lat' dir='ltr'>alta</span> <span class='ocrx_word' id='word_1_72' title='bbox 830 1351 987 1410; x_wconf 88' lang='lat' dir='ltr'>remittunt.</span> 
     </span>
     <span class='ocr_line' id='line_1_12' title="bbox 151 1443 1049 1523; baseline 0.006 -20"><span class='ocrx_word' id='word_1_73' title='bbox 151 1445 203 1503; x_wconf 94' lang='lat' dir='ltr'>Ille</span> <span class='ocrx_word' id='word_1_74' title='bbox 218 1443 333 1501; x_wconf 91' lang='lat' dir='ltr'>humilis</span> <span class='ocrx_word' id='word_1_75' title='bbox 348 1445 529 1520; x_wconf 86' lang='lat' dir='ltr'>supplexque</span> <span class='ocrx_word' id='word_1_76' title='bbox 544 1445 655 1517; x_wconf 91' lang='lat' dir='ltr'>oculos,</span> <span class='ocrx_word' id='word_1_77' title='bbox 673 1445 864 1522; x_wconf 87' lang='lat' dir='ltr'>dextramque</span> <span class='ocrx_word' id='word_1_78' title='bbox 879 1461 1049 1523; x_wconf 90' lang='lat' dir='ltr'>precantem</span> 
     </span>
     <span class='ocr_line' id='line_1_13' title="bbox 149 1541 1011 1622; baseline 0.006 -22"><span class='ocrx_word' id='word_1_79' title='bbox 149 1541 340 1618; x_wconf 85' lang='lat' dir='ltr'>protendens,</span> <span class='ocrx_word' id='word_1_80' title='bbox 358 1541 526 1617; x_wconf 89' lang='lat' dir='ltr'>‘Equidem</span> <span class='ocrx_word' id='word_1_81' title='bbox 542 1543 634 1600; x_wconf 90' lang='lat' dir='ltr'>merui</span> <span class='ocrx_word' id='word_1_82' title='bbox 649 1562 706 1601; x_wconf 91' lang='lat' dir='ltr'>nec</span> <span class='ocrx_word' id='word_1_83' title='bbox 722 1544 885 1621; x_wconf 87' lang='lat' dir='ltr'>deprecor,’</span> <span class='ocrx_word' id='word_1_84' title='bbox 901 1548 1011 1622; x_wconf 88' lang='lat' dir='ltr'>inquit:</span> 
     </span>
     <span class='ocr_line' id='line_1_14' title="bbox 151 1641 838 1717; baseline 0.006 -20"><span class='ocrx_word' id='word_1_85' title='bbox 151 1645 246 1698; x_wconf 89' lang='lat' dir='ltr'>‘utere</span> <span class='ocrx_word' id='word_1_86' title='bbox 263 1649 338 1697; x_wconf 88' lang='lat' dir='ltr'>sorte</span> <span class='ocrx_word' id='word_1_87' title='bbox 353 1649 412 1698; x_wconf 92' lang='lat' dir='ltr'>tua.</span> <span class='ocrx_word' id='word_1_88' title='bbox 456 1641 555 1698; x_wconf 89' lang='lat' dir='ltr'>Miseri</span> <span class='ocrx_word' id='word_1_89' title='bbox 569 1652 598 1698; x_wconf 88' lang='lat' dir='ltr'>te</span> <span class='ocrx_word' id='word_1_90' title='bbox 614 1642 697 1716; x_wconf 93' lang='lat' dir='ltr'>siqua</span> <span class='ocrx_word' id='word_1_91' title='bbox 710 1645 838 1717; x_wconf 89' lang='lat' dir='ltr'>parentis</span> 
     </span>
    </p>

    <p class='ocr_par' dir='ltr' id='par_1_6' title="bbox 150 1739 817 1816">
     <span class='ocr_line' id='line_1_15' title="bbox 150 1739 817 1816; baseline 0.006 -21"><span class='ocrx_word' id='word_1_92' title='bbox 150 1749 268 1814; x_wconf 89' lang='lat' dir='ltr'>tangere</span> <span class='ocrx_word' id='word_1_93' title='bbox 284 1755 354 1795; x_wconf 90' lang='lat' dir='ltr'>cura</span> <span class='ocrx_word' id='word_1_94' title='bbox 366 1747 474 1814; x_wconf 91' lang='lat' dir='ltr'>potest,</span> <span class='ocrx_word' id='word_1_95' title='bbox 489 1758 541 1796; x_wconf 94' lang='lat' dir='ltr'>oro</span> <span class='ocrx_word' id='word_1_96' title='bbox 561 1739 629 1816; x_wconf 87' lang='lat' dir='ltr'>(suit</span> <span class='ocrx_word' id='word_1_97' title='bbox 644 1750 673 1797; x_wconf 88' lang='lat' dir='ltr'>et</span> <span class='ocrx_word' id='word_1_98' title='bbox 687 1741 739 1798; x_wconf 92' lang='lat' dir='ltr'>tibi</span> <span class='ocrx_word' id='word_1_99' title='bbox 754 1742 817 1799; x_wconf 88' lang='lat' dir='ltr'>talis</span> 
     </span>
    </p>

    <p class='ocr_par' dir='ltr' id='par_1_7' title="bbox 150 1835 872 1912">
     <span class='ocr_line' id='line_1_16' title="bbox 150 1835 872 1912; baseline 0.004 -18"><span class='ocrx_word' id='word_1_100' title='bbox 150 1836 293 1894; x_wconf 81' lang='lat' dir='ltr'>Anchises</span> <span class='ocrx_word' id='word_1_101' title='bbox 307 1835 450 1912; x_wconf 90' lang='lat' dir='ltr'>genitor),</span> <span class='ocrx_word' id='word_1_102' title='bbox 467 1837 565 1894; x_wconf 90' lang='lat' dir='ltr'>Dauni</span> <span class='ocrx_word' id='word_1_103' title='bbox 581 1837 718 1895; x_wconf 90' lang='lat' dir='ltr'>miserere</span> <span class='ocrx_word' id='word_1_104' title='bbox 734 1850 872 1897; x_wconf 89' lang='lat' dir='ltr'>senectae</span> 
     </span>
    </p>

    <p class='ocr_par' dir='ltr' id='par_1_8' title="bbox 150 1934 830 2009">
     <span class='ocr_line' id='line_1_17' title="bbox 150 1934 830 2009; baseline 0.003 -17"><span class='ocrx_word' id='word_1_105' title='bbox 150 1944 180 1992; x_wconf 93' lang='lat' dir='ltr'>et</span> <span class='ocrx_word' id='word_1_106' title='bbox 194 1952 241 1992; x_wconf 90' lang='lat' dir='ltr'>me</span> <span class='ocrx_word' id='word_1_107' title='bbox 256 1952 308 1992; x_wconf 94' lang='lat' dir='ltr'>seu</span> <span class='ocrx_word' id='word_1_108' title='bbox 323 1952 429 2009; x_wconf 92' lang='lat' dir='ltr'>corpus</span> <span class='ocrx_word' id='word_1_109' title='bbox 445 1934 600 2009; x_wconf 89' lang='lat' dir='ltr'>spoliatum</span> <span class='ocrx_word' id='word_1_110' title='bbox 616 1935 725 1993; x_wconf 89' lang='lat' dir='ltr'>lumine</span> <span class='ocrx_word' id='word_1_111' title='bbox 740 1938 830 1994; x_wconf 87' lang='lat' dir='ltr'>mavis</span> 
     </span>
    </p>

    <p class='ocr_par' dir='ltr' id='par_1_9' title="bbox 149 2031 923 2201">
     <span class='ocr_line' id='line_1_18' title="bbox 149 2031 923 2110; baseline 0.005 -20"><span class='ocrx_word' id='word_1_112' title='bbox 149 2031 241 2091; x_wconf 90' lang='lat' dir='ltr'>redde</span> <span class='ocrx_word' id='word_1_113' title='bbox 256 2032 338 2090; x_wconf 89' lang='lat' dir='ltr'>meis.</span> <span class='ocrx_word' id='word_1_114' title='bbox 380 2033 493 2104; x_wconf 90' lang='lat' dir='ltr'>Vicisti,</span> <span class='ocrx_word' id='word_1_115' title='bbox 508 2041 538 2089; x_wconf 91' lang='lat' dir='ltr'>et</span> <span class='ocrx_word' id='word_1_116' title='bbox 552 2033 660 2090; x_wconf 89' lang='lat' dir='ltr'>victum</span> <span class='ocrx_word' id='word_1_117' title='bbox 676 2033 797 2092; x_wconf 89' lang='lat' dir='ltr'>tendere</span> <span class='ocrx_word' id='word_1_118' title='bbox 812 2036 923 2110; x_wconf 88' lang='lat' dir='ltr'>palmas</span> 
     </span>
     <span class='ocr_line' id='line_1_19' title="bbox 150 2128 834 2201; baseline 0.003 -13"><span class='ocrx_word' id='word_1_119' title='bbox 150 2130 272 2188; x_wconf 81' lang='lat' dir='ltr'>Ausonii</span> <span class='ocrx_word' id='word_1_120' title='bbox 285 2128 404 2201; x_wconf 75' lang='lat' dir='ltr'>videre,</span> <span class='ocrx_word' id='word_1_121' title='bbox 428 2141 476 2186; x_wconf 90' lang='lat' dir='ltr'>tua</span> <span class='ocrx_word' id='word_1_122' title='bbox 491 2140 535 2187; x_wconf 92' lang='lat' dir='ltr'>est</span> <span class='ocrx_word' id='word_1_123' title='bbox 552 2131 671 2188; x_wconf 85' lang='lat' dir='ltr'>Lavinia</span> <span class='ocrx_word' id='word_1_124' title='bbox 687 2133 834 2190; x_wconf 92' lang='lat' dir='ltr'>coniunx:</span> 
     </span>
    </p>

    <p class='ocr_par' dir='ltr' id='par_1_10' title="bbox 149 2226 914 2404">
     <span class='ocr_line' id='line_1_20' title="bbox 149 2226 888 2289; baseline 0.003 -2"><span class='ocrx_word' id='word_1_125' title='bbox 149 2229 266 2287; x_wconf 91' lang='lat' dir='ltr'>ulterius</span> <span class='ocrx_word' id='word_1_126' title='bbox 281 2247 318 2286; x_wconf 91' lang='lat' dir='ltr'>ne</span> <span class='ocrx_word' id='word_1_127' title='bbox 334 2226 423 2285; x_wconf 90' lang='lat' dir='ltr'>tende</span> <span class='ocrx_word' id='word_1_128' title='bbox 438 2227 532 2286; x_wconf 72' lang='lat' dir='ltr'>odiis¹</span> <span class='ocrx_word' id='word_1_129' title='bbox 576 2228 659 2286; x_wconf 88' lang='lat' dir='ltr'>Stetit</span> <span class='ocrx_word' id='word_1_130' title='bbox 674 2247 743 2286; x_wconf 90' lang='lat' dir='ltr'>acer</span> <span class='ocrx_word' id='word_1_131' title='bbox 756 2230 786 2287; x_wconf 94' lang='lat' dir='ltr'>in</span> <span class='ocrx_word' id='word_1_132' title='bbox 801 2232 888 2289; x_wconf 90' lang='lat' dir='ltr'>armis</span> 
     </span>
     <span class='ocr_line' id='line_1_21' title="bbox 149 2325 914 2404; baseline 0 -18"><span class='ocrx_word' id='word_1_133' title='bbox 149 2332 274 2399; x_wconf 87' lang='lat' dir='ltr'>Aeneas,</span> <span class='ocrx_word' id='word_1_134' title='bbox 291 2326 411 2384; x_wconf 91' lang='lat' dir='ltr'>volvens</span> <span class='ocrx_word' id='word_1_135' title='bbox 425 2327 536 2397; x_wconf 93' lang='lat' dir='ltr'>oculos,</span> <span class='ocrx_word' id='word_1_136' title='bbox 552 2325 744 2402; x_wconf 86' lang='lat' dir='ltr'>dextramque</span> <span class='ocrx_word' id='word_1_137' title='bbox 759 2331 914 2404; x_wconf 70' lang='lat' dir='ltr'>repressit,</span> 
     </span>
    </p>

    <p class='ocr_par' dir='ltr' id='par_1_11' title="bbox 149 2424 938 2600">
     <span class='ocr_line' id='line_1_22' title="bbox 149 2424 938 2499; baseline 0 -14"><span class='ocrx_word' id='word_1_138' title='bbox 149 2437 178 2485; x_wconf 90' lang='lat' dir='ltr'>et</span> <span class='ocrx_word' id='word_1_139' title='bbox 192 2428 250 2484; x_wconf 89' lang='lat' dir='ltr'>iarn</span> <span class='ocrx_word' id='word_1_140' title='bbox 265 2426 382 2499; x_wconf 88' lang='lat' dir='ltr'>iamque</span> <span class='ocrx_word' id='word_1_141' title='bbox 398 2424 489 2499; x_wconf 91' lang='lat' dir='ltr'>magis</span> <span class='ocrx_word' id='word_1_142' title='bbox 504 2433 693 2482; x_wconf 88' lang='lat' dir='ltr'>cunctantem</span> <span class='ocrx_word' id='word_1_143' title='bbox 709 2425 827 2484; x_wconf 90' lang='lat' dir='ltr'>flectere</span> <span class='ocrx_word' id='word_1_144' title='bbox 842 2446 938 2486; x_wconf 89' lang='lat' dir='ltr'>sermo</span> 
     </span>
     <span class='ocr_line' id='line_1_23' title="bbox 150 2522 833 2600; baseline 0 -17"><span class='ocrx_word' id='word_1_145' title='bbox 150 2533 297 2600; x_wconf 90' lang='lat' dir='ltr'>coeperat,</span> <span class='ocrx_word' id='word_1_146' title='bbox 313 2522 411 2581; x_wconf 89' lang='lat' dir='ltr'>infelix</span> <span class='ocrx_word' id='word_1_147' title='bbox 425 2541 528 2580; x_wconf 91' lang='lat' dir='ltr'>umero</span> <span class='ocrx_word' id='word_1_148' title='bbox 544 2541 611 2581; x_wconf 92' lang='lat' dir='ltr'>cum</span> <span class='ocrx_word' id='word_1_149' title='bbox 627 2525 761 2599; x_wconf 89' lang='lat' dir='ltr'>apparuit</span> <span class='ocrx_word' id='word_1_150' title='bbox 774 2526 833 2583; x_wconf 93' lang='lat' dir='ltr'>alto</span> 
     </span>
    </p>

    <p class='ocr_par' dir='ltr' id='par_1_12' title="bbox 150 2621 781 2696">
     <span class='ocr_line' id='line_1_24' title="bbox 150 2621 781 2696; baseline -0.002 -15"><span class='ocrx_word' id='word_1_151' title='bbox 150 2624 261 2694; x_wconf 82' lang='lat' dir='ltr'>balteus</span> <span class='ocrx_word' id='word_1_152' title='bbox 277 2633 305 2679; x_wconf 88' lang='lat' dir='ltr'>et</span> <span class='ocrx_word' id='word_1_153' title='bbox 319 2622 396 2678; x_wconf 89' lang='lat' dir='ltr'>notis</span> <span class='ocrx_word' id='word_1_154' title='bbox 411 2621 552 2678; x_wconf 83' lang='lat' dir='ltr'>fulserunt</span> <span class='ocrx_word' id='word_1_155' title='bbox 565 2621 682 2696; x_wconf 92' lang='lat' dir='ltr'>cingula</span> <span class='ocrx_word' id='word_1_156' title='bbox 696 2621 781 2680; x_wconf 93' lang='lat' dir='ltr'>bullis</span> 
     </span>
    </p>

    <p class='ocr_par' dir='ltr' id='par_1_13' title="bbox 149 2719 945 3094">
     <span class='ocr_line' id='line_1_25' title="bbox 150 2719 883 2796; baseline 0.004 -17"><span class='ocrx_word' id='word_1_157' title='bbox 150 2721 286 2780; x_wconf 87' lang='lat' dir='ltr'>Pallantis</span> <span class='ocrx_word' id='word_1_158' title='bbox 300 2720 391 2796; x_wconf 90' lang='lat' dir='ltr'>pueri,</span> <span class='ocrx_word' id='word_1_159' title='bbox 405 2721 515 2777; x_wconf 88' lang='lat' dir='ltr'>victum</span> <span class='ocrx_word' id='word_1_160' title='bbox 529 2737 618 2795; x_wconf 88' lang='lat' dir='ltr'>quem</span> <span class='ocrx_word' id='word_1_161' title='bbox 634 2719 752 2777; x_wconf 92' lang='lat' dir='ltr'>volnere</span> <span class='ocrx_word' id='word_1_162' title='bbox 766 2719 883 2782; x_wconf 81' lang='lat' dir='ltr'>Turnus</span> 
     </span>
     <span class='ocr_line' id='line_1_26' title="bbox 149 2818 945 2896; baseline -0.001 -16"><span class='ocrx_word' id='word_1_163' title='bbox 149 2830 287 2880; x_wconf 88' lang='lat' dir='ltr'>straverat</span> <span class='ocrx_word' id='word_1_164' title='bbox 301 2829 389 2895; x_wconf 85' lang='lat' dir='ltr'>atque</span> <span class='ocrx_word' id='word_1_165' title='bbox 404 2821 510 2877; x_wconf 90' lang='lat' dir='ltr'>umeris</span> <span class='ocrx_word' id='word_1_166' title='bbox 525 2818 674 2877; x_wconf 92' lang='lat' dir='ltr'>inimicum</span> <span class='ocrx_word' id='word_1_167' title='bbox 691 2819 803 2896; x_wconf 87' lang='lat' dir='ltr'>insigne</span> <span class='ocrx_word' id='word_1_168' title='bbox 818 2822 945 2896; x_wconf 85' lang='lat' dir='ltr'>gerebat.</span> 
     </span>
     <span class='ocr_line' id='line_1_27' title="bbox 150 2918 904 2994; baseline -0.001 -17"><span class='ocrx_word' id='word_1_169' title='bbox 150 2920 212 2991; x_wconf 94' lang='lat' dir='ltr'>Ille,</span> <span class='ocrx_word' id='word_1_170' title='bbox 227 2918 319 2976; x_wconf 92' lang='lat' dir='ltr'>oculis</span> <span class='ocrx_word' id='word_1_171' title='bbox 334 2928 490 2994; x_wconf 90' lang='lat' dir='ltr'>postquam</span> <span class='ocrx_word' id='word_1_172' title='bbox 505 2919 584 2976; x_wconf 89' lang='lat' dir='ltr'>saevi</span> <span class='ocrx_word' id='word_1_173' title='bbox 599 2918 782 2976; x_wconf 84' lang='lat' dir='ltr'>monimenta</span> <span class='ocrx_word' id='word_1_174' title='bbox 796 2918 904 2976; x_wconf 91' lang='lat' dir='ltr'>doloris</span> 
     </span>
     <span class='ocr_line' id='line_1_28' title="bbox 149 3017 794 3094; baseline -0.005 -18"><span class='ocrx_word' id='word_1_175' title='bbox 149 3019 325 3094; x_wconf 84' lang='lat' dir='ltr'>exuviasque</span> <span class='ocrx_word' id='word_1_176' title='bbox 340 3018 443 3090; x_wconf 89' lang='lat' dir='ltr'>hausit,</span> <span class='ocrx_word' id='word_1_177' title='bbox 459 3018 537 3076; x_wconf 87' lang='lat' dir='ltr'>furiis</span> <span class='ocrx_word' id='word_1_178' title='bbox 552 3036 695 3076; x_wconf 90' lang='lat' dir='ltr'>accensus</span> <span class='ocrx_word' id='word_1_179' title='bbox 709 3026 738 3074; x_wconf 91' lang='lat' dir='ltr'>et</span> <span class='ocrx_word' id='word_1_180' title='bbox 753 3017 794 3073; x_wconf 92' lang='lat' dir='ltr'>ira</span> 
     </span>
    </p>

    <p class='ocr_par' dir='ltr' id='par_1_14' title="bbox 148 3115 956 3680">
     <span class='ocr_line' id='line_1_29' title="bbox 148 3115 869 3192; baseline -0.001 -19"><span class='ocrx_word' id='word_1_181' title='bbox 148 3116 289 3188; x_wconf 90' lang='lat' dir='ltr'>terribilis,</span> <span class='ocrx_word' id='word_1_182' title='bbox 305 3117 406 3174; x_wconf 86' lang='lat' dir='ltr'>‘Tune</span> <span class='ocrx_word' id='word_1_183' title='bbox 422 3116 490 3174; x_wconf 91' lang='lat' dir='ltr'>hinc</span> <span class='ocrx_word' id='word_1_184' title='bbox 505 3117 604 3192; x_wconf 92' lang='lat' dir='ltr'>spoliis</span> <span class='ocrx_word' id='word_1_185' title='bbox 620 3115 721 3174; x_wconf 92' lang='lat' dir='ltr'>indute</span> <span class='ocrx_word' id='word_1_186' title='bbox 734 3133 869 3173; x_wconf 90' lang='lat' dir='ltr'>meorum</span> 
     </span>
     <span class='ocr_line' id='line_1_30' title="bbox 149 3213 876 3289; baseline 0.003 -19"><span class='ocrx_word' id='word_1_187' title='bbox 149 3214 270 3289; x_wconf 89' lang='lat' dir='ltr'>eripiare</span> <span class='ocrx_word' id='word_1_188' title='bbox 285 3214 378 3272; x_wconf 83' lang='lat' dir='ltr'>mihi?</span> <span class='ocrx_word' id='word_1_189' title='bbox 419 3214 510 3273; x_wconf 87' lang='lat' dir='ltr'>Pallas</span> <span class='ocrx_word' id='word_1_190' title='bbox 525 3224 553 3272; x_wconf 92' lang='lat' dir='ltr'>te</span> <span class='ocrx_word' id='word_1_191' title='bbox 568 3214 627 3272; x_wconf 94' lang='lat' dir='ltr'>hoc</span> <span class='ocrx_word' id='word_1_192' title='bbox 641 3214 768 3285; x_wconf 90' lang='lat' dir='ltr'>volnere,</span> <span class='ocrx_word' id='word_1_193' title='bbox 785 3213 876 3272; x_wconf 88' lang='lat' dir='ltr'>Pallas</span> 
     </span>
     <span class='ocr_line' id='line_1_31' title="bbox 149 3311 956 3388; baseline 0.002 -19"><span class='ocrx_word' id='word_1_194' title='bbox 149 3312 281 3370; x_wconf 86' lang='lat' dir='ltr'>immolat</span> <span class='ocrx_word' id='word_1_195' title='bbox 295 3322 326 3369; x_wconf 87' lang='lat' dir='ltr'>et</span> <span class='ocrx_word' id='word_1_196' title='bbox 339 3330 468 3387; x_wconf 91' lang='lat' dir='ltr'>poenam</span> <span class='ocrx_word' id='word_1_197' title='bbox 482 3311 625 3372; x_wconf 91' lang='lat' dir='ltr'>scelerato</span> <span class='ocrx_word' id='word_1_198' title='bbox 639 3331 676 3370; x_wconf 94' lang='lat' dir='ltr'>ex</span> <span class='ocrx_word' id='word_1_199' title='bbox 691 3312 832 3388; x_wconf 90' lang='lat' dir='ltr'>sanguine</span> <span class='ocrx_word' id='word_1_200' title='bbox 848 3314 956 3385; x_wconf 87' lang='lat' dir='ltr'>sumit,&#39;</span> 
     </span>
     <span class='ocr_line' id='line_1_32' title="bbox 150 3408 906 3486; baseline 0.004 -20"><span class='ocrx_word' id='word_1_201' title='bbox 150 3410 206 3467; x_wconf 90' lang='lat' dir='ltr'>hoc</span> <span class='ocrx_word' id='word_1_202' title='bbox 222 3408 325 3468; x_wconf 91' lang='lat' dir='ltr'>dicens</span> <span class='ocrx_word' id='word_1_203' title='bbox 340 3409 446 3467; x_wconf 88' lang='lat' dir='ltr'>ferrum</span> <span class='ocrx_word' id='word_1_204' title='bbox 461 3409 583 3468; x_wconf 87' lang='lat' dir='ltr'>adverso</span> <span class='ocrx_word' id='word_1_205' title='bbox 598 3411 652 3469; x_wconf 93' lang='lat' dir='ltr'>sub</span> <span class='ocrx_word' id='word_1_206' title='bbox 666 3420 787 3486; x_wconf 91' lang='lat' dir='ltr'>pectore</span> <span class='ocrx_word' id='word_1_207' title='bbox 803 3410 906 3469; x_wconf 89' lang='lat' dir='ltr'>condit</span> 
     </span>
     <span class='ocr_line' id='line_1_33' title="bbox 150 3505 863 3582; baseline 0.001 -19"><span class='ocrx_word' id='word_1_208' title='bbox 150 3505 285 3564; x_wconf 80' lang='lat' dir='ltr'>fervidus</span> <span class='ocrx_word' id='word_1_209' title='bbox 329 3509 380 3564; x_wconf 85' lang='lat' dir='ltr'>Ast</span> <span class='ocrx_word' id='word_1_210' title='bbox 394 3506 596 3566; x_wconf 62' lang='lat' dir='ltr'>illiniuntur</span> <span class='ocrx_word' id='word_1_211' title='bbox 611 3508 714 3582; x_wconf 84' lang='lat' dir='ltr'>frigore</span> <span class='ocrx_word' id='word_1_212' title='bbox 731 3507 863 3565; x_wconf 91' lang='lat' dir='ltr'>membra</span> 
     </span>
     <span class='ocr_line' id='line_1_34' title="bbox 150 3603 931 3680; baseline 0.005 -19"><span class='ocrx_word' id='word_1_213' title='bbox 150 3603 265 3680; x_wconf 90' lang='lat' dir='ltr'>vitaque</span> <span class='ocrx_word' id='word_1_214' title='bbox 280 3622 349 3662; x_wconf 91' lang='lat' dir='ltr'>cum</span> <span class='ocrx_word' id='word_1_215' title='bbox 364 3603 474 3680; x_wconf 87' lang='lat' dir='ltr'>gemitu</span> <span class='ocrx_word' id='word_1_216' title='bbox 488 3605 559 3680; x_wconf 84' lang='lat' dir='ltr'>fugit</span> <span class='ocrx_word' id='word_1_217' title='bbox 573 3603 724 3680; x_wconf 90' lang='lat' dir='ltr'>indignata</span> <span class='ocrx_word' id='word_1_218' title='bbox 737 3605 791 3664; x_wconf 90' lang='lat' dir='ltr'>sub</span> <span class='ocrx_word' id='word_1_219' title='bbox 805 3606 931 3665; x_wconf 90' lang='lat' dir='ltr'>umbras.</span> 
     </span>
    </p>
   </div>
   <div class='ocr_carea' id='block_1_3' title="bbox 570 3735 785 3794">
    <p class='ocr_par' dir='ltr' id='par_1_15' title="bbox 570 3735 785 3794">
     <span class='ocr_line' id='line_1_35' title="bbox 570 3735 785 3794; baseline 0.009 -14"><span class='ocrx_word' id='word_1_220' title='bbox 570 3735 604 3768; x_wconf 79' lang='lat'>⁹³⁰</span> <span class='ocrx_word' id='word_1_221' title='bbox 614 3749 658 3794; x_wconf 80' lang='lat' dir='ltr'>que</span> <span class='ocrx_word' id='word_1_222' title='bbox 668 3735 734 3782; x_wconf 89' lang='lat' dir='ltr'>omit.</span> <span class='ocrx_word' id='word_1_223' title='bbox 757 3736 785 3782; x_wconf 88' lang='lat' dir='ltr'>R.</span> 
     </span>
    </p>
   </div>
   <div class='ocr_carea' id='block_1_4' title="bbox 0 0 1376 4284">
    <p class='ocr_par' dir='ltr' id='par_1_16' title="bbox 0 0 1376 4284">
     <span class='ocr_line' id='line_1_36' title="bbox 0 0 1376 4284; baseline 0 0"><span class='ocrx_word' id='word_1_224' title='bbox 0 0 1376 4284; x_wconf 95' lang='lat' dir='ltr'> </span> 
     </span>
    </p>
   </div>
  </div>
 </body>
</html>
