2742 4284
183 328 233 376 111.
245 327 316 392 225]
508 317 576 381 The
596 318 721 382 Power
737 322 780 401 os
793 320 919 386 Desire.

184 501 364 576 compositis
380 502 534 576 sinuetque
550 503 660 561 alterna
674 505 824 562 volumina
838 525 964 577 crurum,

184 599 280 673 sitque
294 598 439 656 laboranti
453 598 553 656 similis
565 621 573 671 3
596 610 659 658 tum
675 603 807 660 cursibus
822 622 904 660 auras

183 707 246 755 tum
261 706 357 767 vocet,
373 714 408 752 ac
424 713 477 770 per
491 707 591 771 aperta
606 698 707 756 volans
722 717 777 756 ceu
792 699 864 758 liber
878 701 999 759 habenis

183 813 312 871 aequora
325 793 373 851 vix
388 812 502 851 summa
517 795 637 870 vestigia
651 807 744 870 ponat
758 815 866 869 arena,

183 894 275 969 qualis
292 891 493 968 Hyperboreis
509 893 615 966 Aquilo
630 911 700 951 cum
716 892 825 952 densus
840 896 949 973 aboris

183 991 326 1077 incubpit,
343 989 537 1065 Scythiaeque
553 990 665 1050 hiemes
681 1001 769 1066 atque
784 992 865 1050 arida
879 992 974 1052 differt

182 1090 299 1148 nubila:
323 1099 384 1146 tum
400 1097 515 1163 segetes
530 1089 604 1145 altae
621 1090 779 1164 campique
794 1099 927 1148 natantes

182 1188 295 1245 lenibus
310 1187 482 1245 horrescunt
496 1185 601 1257 flabris
619 1205 810 1261 summaeque
825 1206 961 1246 sonorem

183 1285 254 1343 dant
269 1286 366 1356 silvae,
382 1286 520 1359 longique
537 1294 640 1359 urgent
655 1283 695 1342 ad
710 1285 794 1342 litora
807 1284 930 1356 fluctus;

182 1383 228 1441 ille
243 1385 321 1442 volat
335 1384 421 1441 simul
435 1401 502 1440 arva
516 1382 586 1456 suga
601 1382 688 1439 simul
703 1401 833 1456 aequora
847 1402 972 1441 verrens.

184 1482 265 1539 Hinc
280 1482 325 1539 vel
339 1481 377 1538 ad
393 1481 458 1538 Elei
472 1490 565 1538 metas
583 1490 612 1538 et
628 1480 755 1537 maxima
769 1482 866 1556 campi

182 1578 299 1637 sudabit
313 1580 407 1654 spatia
422 1589 451 1636 et
466 1596 585 1654 spumas
601 1588 668 1652 aget
683 1596 733 1635 ore
750 1589 893 1649 cruentas,

184 1676 302 1752 Belgica
315 1676 360 1734 vel
376 1676 456 1734 molli
471 1676 573 1734 melius
589 1675 661 1733 seret
677 1675 782 1733 esseda
795 1677 881 1733 collo.

182 1777 259 1833 Tum
274 1775 396 1832 demum
410 1793 508 1832 crassa
520 1791 662 1848 magnum
678 1773 819 1848 farragine
834 1792 941 1849 corpus

183 1891 313 1930 crescere
328 1872 388 1929 iarn
402 1871 520 1930 domitis
535 1871 641 1930 sinito:
664 1889 791 1945 namque
806 1881 874 1929 ante
889 1871 1072 1930 domandum

182 1971 306 2045 ingentis
321 1970 423 2027 tollent
437 1970 560 2040 animos,
576 1969 733 2043 prensique
749 1969 900 2044 negabunt

182 2068 302 2126 verbera
315 2066 394 2124 lenta
408 2068 468 2143 pati
484 2076 513 2124 et
528 2066 606 2124 duris
623 2084 723 2141 parere
739 2066 853 2141 lupatis.

223 2165 281 2224 Sed
296 2184 357 2222 uon
372 2165 429 2222 ulla
442 2165 535 2239 magis
550 2163 618 2221 viris
635 2163 775 2221 industria
789 2165 892 2236 firmat,

182 2283 270 2339 quam
284 2264 432 2320 Venerem
447 2272 476 2320 et
491 2262 573 2319 caeci
587 2262 720 2319 stimulos
735 2273 864 2320 avertere
879 2265 995 2335 amoris,

181 2362 241 2419 sive
254 2362 364 2419 bovum
379 2360 439 2417 sive
454 2370 498 2417 est
513 2360 560 2417 cui
575 2360 681 2434 gratior
696 2378 765 2417 usus
782 2378 933 2435 equorum.

181 2461 277 2534 Atque
292 2458 362 2516 ideo
376 2468 474 2516 tauros
488 2458 591 2533 procul
606 2467 695 2532 atque
711 2457 740 2514 in
756 2459 818 2515 sola
832 2460 962 2534 relegant

181 2576 291 2632 pascua
304 2567 372 2632 post
387 2567 519 2614 montem
534 2557 704 2631 oppositum
720 2566 750 2614 et
764 2566 841 2614 trans
858 2556 977 2614 flumina
991 2558 1056 2629 lata,

180 2666 230 2712 aut
244 2655 321 2712 intus
336 2656 449 2712 clausos
465 2664 561 2711 satura
574 2653 612 2710 ad
628 2654 799 2728 praesaepia
815 2665 938 2713 servant.

181 2753 281 2828 Carpit
295 2753 373 2810 enim
389 2752 454 2810 viris
468 2752 608 2826 paulatim
622 2752 736 2826 uritque
752 2751 882 2810 videndo

180 2851 296 2921 femina,
311 2869 368 2907 nec
383 2868 535 2908 nemorum
551 2850 658 2925 patitur
673 2850 840 2908 meminisse
854 2869 911 2909 nec
926 2851 1033 2911 herbae

180 2948 314 3006 dulcibus
329 2949 376 3005 illa
390 2947 511 3022 quidem
526 2947 689 3018 inlecebris,
707 2958 736 3005 et
753 2967 841 3023 saepe
856 2951 998 3024 superbos

179 3047 319 3104 cornibus
333 3047 408 3104 inter
421 3063 453 3103 se
468 3046 573 3120 subigit
589 3044 748 3104 decernere
765 3047 897 3106 amantis,

180 3145 310 3202 Pascitur
323 3145 354 3202 in
369 3163 476 3219 magna
489 3144 546 3202 Sila
560 3144 688 3201 formosa
703 3143 844 3204 iuvenca:

179 3241 217 3300 illi
232 3243 406 3300 alternantes
420 3242 511 3299 multa
524 3241 551 3298 vi
567 3242 678 3316 proelia
695 3241 820 3299 miscent

179 3340 343 3398 vulneribus
358 3341 474 3411 crebris,
490 3340 557 3396 lavit
574 3350 636 3396 ater
650 3357 775 3414 corpora
790 3341 915 3416 sanguis,

179 3456 317 3511 versaque
334 3439 364 3495 in
378 3438 502 3496 obnixos
517 3446 654 3512 urgentur
669 3455 780 3494 cornua
795 3447 876 3496 vasto

179 3555 246 3593 cum
261 3536 380 3610 gemitu,
396 3535 519 3593 reboant
533 3535 681 3611 silvaeque
697 3544 725 3592 et
740 3535 842 3611 longus
857 3535 1009 3613 Olympus.

179 3633 245 3690 Nec
260 3652 324 3692 mos
338 3633 472 3692 bellantis
489 3652 547 3690 una
561 3633 713 3704 stabulare,
729 3632 784 3692 sed
799 3634 870 3692 alter

178 3731 270 3788 victus
285 3733 354 3802 abit,
369 3732 516 3807 longeque
530 3731 636 3807 ignotis
651 3732 763 3789 exsulat
779 3732 844 3801 oris,

323 3859 356 3892 1⁰⁴
360 3866 478 3918 provocet.
493 3863 521 3906 R.
637 3861 671 3894 2⁰2
681 3862 727 3907 hic.
745 3862 800 3907 Eds.
903 3860 1034 3907 211bovom.
1051 3863 1079 3908 R.
