2742 4284
156 346 304 411 V11.279.]
409 337 555 402 Latinus
581 336 689 420 Offers
710 337 765 402 ln‘s
786 339 969 423 Daugltter.

159 525 220 582 hoc
236 523 343 582 Priami
355 534 508 601 gestamen
522 535 591 596 erat,
608 543 676 583 cum
691 526 753 583 iura
767 527 879 584 vocatis

158 638 244 678 more
258 619 342 680 daret
356 622 481 697 populis,
497 633 705 698 sceptrumque
720 641 861 698 sacerque
877 624 962 682 tiaras

160 716 348 793 Iliadumque
362 718 444 777 labor
458 722 572 777 vestes!

200 815 321 874 Talibus
336 816 442 874 Ilionei
455 815 543 875 dictis
558 817 655 876 defixa
670 819 790 878 latinus

159 913 266 972 obtutu
280 922 363 971 tenet
377 932 428 972 ora
442 914 565 990 soloque
579 915 738 975 immobilis
751 917 853 1008 baeret

159 1012 290 1070 intentos
304 1011 424 1070 volvens
439 1013 550 1070 oculos.
594 1014 660 1070 Nec
674 1031 803 1090 purpura
816 1033 916 1090 regem

161 1111 242 1184 picta
255 1120 355 1168 movet
369 1128 426 1168 nec
441 1121 557 1187 sceptra
571 1121 692 1171 movent
707 1114 849 1171 Priameia
862 1123 984 1184 tantum,

161 1217 305 1283 quantum
320 1208 351 1266 in
364 1209 494 1267 conubio
509 1218 594 1267 natae
610 1209 797 1285 thalamoque
811 1220 947 1282 moratur,

161 1315 192 1362 et
207 1305 312 1364 veteris
329 1306 421 1364 Fauni
436 1307 524 1365 volvit
539 1308 593 1366 sub
608 1317 728 1383 pectore
743 1319 862 1378 sortem,

162 1403 242 1460 hunc
257 1403 337 1461 illum
351 1403 416 1462 fatis
430 1413 551 1462 externa
564 1404 602 1464 ab
616 1404 688 1464 sede
703 1406 866 1480 profectum

161 1501 301 1575 portendi
315 1519 455 1577 generum
470 1503 646 1578 paribusque
662 1503 693 1560 in
707 1521 797 1579 regna
810 1505 909 1562 vocari

163 1599 309 1673 auspiciis
325 1600 394 1658 huic
408 1601 580 1676 progeniem
596 1601 700 1658 virtute
714 1602 839 1659 futuram

164 1697 309 1772 egregiam
326 1707 355 1754 et
370 1707 463 1756 totum
479 1717 555 1774 quae
570 1698 678 1757 viribus
692 1710 821 1774 occupet
834 1701 947 1759 orbem.

162 1793 300 1852 Tandem
314 1795 406 1853 laetus
421 1797 478 1854 ait:
503 1797 560 1854 ‘Di
574 1805 674 1854 nostra
688 1797 806 1872 incepta
820 1797 984 1856 secundent

163 1893 375 1968 auguriumque
390 1913 495 1964 suum;
518 1893 641 1965 dabitur,
656 1896 792 1966 Troiane,
808 1895 890 1970 quod
905 1906 998 1970 optas,

163 2008 286 2048 munera
299 2008 356 2048 nec
370 2009 487 2066 sperno.
533 1993 603 2050 Non
619 1993 703 2052 vobis
718 2011 786 2068 rege
801 1993 906 2051 latino

164 2087 261 2147 divitis
276 2089 348 2147 uber
361 2072 422 2166 agri
438 2091 580 2148 Troiaeve
595 2091 747 2166 opulentia
760 2090 863 2150 deerit.

165 2187 234 2261 Ipse
250 2185 341 2245 modo
357 2189 481 2258 Aeneas,
498 2189 588 2256 nostri
603 2188 626 2246 si
642 2198 723 2247 tanta
737 2187 883 2264 cupidost,

164 2283 189 2341 si
203 2283 284 2358 iungi
299 2283 426 2358 hospitio
441 2295 578 2360 properat
593 2285 750 2361 sociusque
764 2287 871 2357 vocari,

163 2379 302 2438 adveniat
315 2381 410 2441 voltus
424 2401 499 2440 neve
514 2383 702 2442 exhorrescat
715 2385 845 2443 amicos:

164 2496 231 2553 pars
246 2478 318 2536 mihi
330 2479 412 2554 pacis
428 2481 481 2538 erit
496 2479 629 2540 dextram
642 2482 769 2557 tetigisse
784 2483 906 2557 tyranni.

163 2576 225 2633 Vos
241 2587 344 2634 contra
357 2578 418 2653 regi
432 2597 498 2636 mea
513 2598 593 2637 nunc
609 2578 749 2637 mandata
762 2581 876 2637 referte.

166 2675 219 2732 Est
234 2674 306 2731 mihi
320 2685 396 2746 nata,
411 2676 472 2734 viro
486 2677 580 2752 gentis
595 2695 684 2752 quam
700 2679 820 2753 iungere
835 2687 951 2737 nostrae

164 2791 225 2830 non
241 2773 335 2847 patrio
350 2792 387 2831 ex
401 2772 490 2849 adyto
505 2784 607 2846 sortes,
623 2794 683 2832 non
699 2776 825 2850 plurima
839 2777 922 2835 caelo

164 2880 297 2928 monstra
311 2872 426 2929 sinunt:
450 2890 573 2947 generos
588 2874 714 2930 externis
730 2874 830 2932 adfore
845 2876 883 2932 ab
897 2876 964 2946 oria,

165 2968 223 3026 hoc
240 2969 323 3026 Latio
339 2980 445 3027 restare
460 2981 579 3041 canunt,
595 2971 644 3045 qni
659 2972 801 3046 sanguine
817 2982 947 3032 nostrum

165 3084 275 3125 nornen
289 3063 320 3123 ¹in
335 3076 411 3124 astra
424 3068 538 3126 ferant„
552 3069 661 3125 ,sHunc
675 3069 756 3126 illum
771 3087 894 3144 poscere
911 3071 969 3127 fata

166 3173 195 3221 et
208 3182 275 3221 reor
288 3174 326 3236 et,
342 3164 439 3240 siquid
453 3149 610 3223 veri‘mens
625 3177 756 3242 augurat,
772 3170 863 3242 opto!

167 3263 253 3320 Haec
269 3262 371 3321 effatus
386 3281 478 3339 equos
493 3283 616 3323 numero
632 3274 716 3340 pater
730 3265 809 3341 eligit
823 3267 905 3324 omni

170 3360 299 3437 (stabant
313 3371 358 3418 ter
372 3371 493 3420 centum
507 3361 590 3419 nitidi
605 3363 634 3419 in
650 3364 858 3438 praesaepibus
872 3363 952 3440 altis)
969 3386 975 3422 :

164 3458 301 3516 omnibns
315 3460 465 3534 extemplo
479 3460 600 3518 Teucris
616 3461 696 3519 iubet
711 3461 814 3519 ordine
829 3461 898 3518 duci

164 3556 300 3615 instratos
314 3567 394 3616 ostro
408 3557 538 3633 alipedes
553 3559 698 3634 pictisque
713 3561 818 3635 tapetis
829 3582 837 3632 3

164 3671 252 3712 aurea
266 3655 435 3729 pectoribus
450 3655 578 3714 demissa
592 3657 712 3714 monilia
726 3658 868 3733 pendent,

163 3750 236 3808 tecti
250 3768 321 3808 auro
336 3751 445 3810 fulvum
460 3753 604 3813 mandunt
619 3754 674 3813 sub
689 3753 827 3814 dentibus
841 3775 964 3831 aumm;

368 3879 401 3914 Μ
411 3881 481 3928 derit.
498 3884 526 3930 R.
749 3885 945 3944 ²1⁵praesepttus.
963 3888 1019 3933 Eds,
