2742 4284
153 291 195 368 42
319 274 423 337 Venus
450 273 551 338 Cives
574 297 595 336 a
620 275 731 358 ΒΨ·
755 275 886 338 AEneas
907 275 1047 357 Accepta.
1085 283 1209 348 [AEurro.

154 464 269 518 Aeneas
283 460 474 518 Anchisiades
490 471 519 518 et
533 461 608 518 lidus
624 463 752 521 Achates

154 559 303 633 multaque
318 559 390 616 dura
404 577 458 617 suo
472 560 544 616 tristi
560 578 628 616 cum
642 559 733 618 corde
747 562 898 635 putabant,

153 657 184 714 ni
198 657 313 731 signum
329 656 412 714 caelo
428 656 573 732 Cytherea
588 656 719 715 dedisset
732 668 842 732 aperto.

155 755 292 829 Namque
307 754 453 829 inproviso
467 754 594 812 vibratus
608 755 646 812 ab
660 755 778 813 aethere
792 756 884 830 fulgor

154 871 222 910 cum
237 852 333 911 sonitu
347 852 435 923 venit,
451 861 481 909 et
495 870 577 909 ruere
593 852 693 910 omnia
706 853 768 910 visa
780 865 901 928 repente

153 950 377 1025 Tyrrhenusque
393 950 480 1008 tubae
495 951 605 1025 mugire
621 969 673 1024 per
687 951 806 1007 aethera
820 952 948 1025 clangor.

154 1049 327 1123 Suspiciunt,
344 1048 447 1105 iterum
462 1057 550 1123 atque
566 1048 670 1106 iterum
685 1049 781 1123 fragor
795 1049 927 1123 increpat
940 1050 1060 1123 ingens:

153 1164 233 1204 arma
246 1147 321 1204 inter
334 1147 443 1204 nubem
460 1146 533 1203 caeli
547 1146 666 1221 regione
681 1164 785 1204 serena

153 1262 206 1319 per
220 1244 326 1302 sudum
342 1244 455 1302 rutilare
470 1243 571 1301 vident
585 1254 615 1300 et
629 1244 714 1318 pulsa
726 1255 836 1302 tonare.

154 1341 330 1417 Obstipuere
345 1343 448 1400 animis
463 1342 519 1412 alii,
535 1341 589 1399 sed
603 1343 708 1398 Troius
723 1342 808 1400 heros

153 1441 271 1515 agnovit
285 1441 413 1498 sonitum
428 1450 457 1498 et
472 1439 557 1498 divae
572 1440 716 1515 promissa
729 1442 866 1515 parentis,

153 1539 231 1594 Tum
246 1549 406 1597 memorat:
431 1538 493 1595 ‘Ne
508 1556 587 1609 vero,
603 1537 720 1612 hospes,
734 1556 773 1594 ne
787 1557 894 1612 quaere
909 1541 1051 1614 profecto,

154 1654 243 1710 quem
258 1654 358 1694 casum
373 1645 509 1711 portenta
522 1636 633 1694 serant:
657 1654 713 1711 ego
728 1654 836 1711 poscor
849 1636 986 1711 Olympo.

156 1735 226 1790 Hoc
240 1735 355 1809 signum
371 1734 478 1791 cecinit
492 1733 644 1790 missuram
659 1733 728 1790 diva
742 1735 873 1804 creatrix,

154 1832 178 1889 si
193 1832 302 1889 bellum
316 1833 470 1907 ingrueret,
485 1831 686 1906 Volcaniaque
702 1849 783 1888 arma
796 1849 849 1906 per
862 1850 944 1888 auras

155 1930 276 1987 laturam
291 1930 406 1988 auxilio.

156 2029 226 2084 Heu
242 2037 368 2102 quantae
384 2029 494 2085 miseris
510 2027 617 2086 caedes
633 2029 827 2086 Laurentibus
841 2029 967 2097 instant;

156 2143 228 2200 quas
243 2143 354 2199 poenas
369 2125 450 2195 mihi,
465 2127 573 2196 Turne,
590 2125 692 2198 dahis3
713 2145 801 2200 quam
817 2126 906 2183 multa
920 2125 974 2182 sub
989 2125 1081 2181 undas

156 2233 239 2280 scuta
251 2223 344 2280 virum
358 2224 513 2298 galeasque
529 2235 558 2282 et
574 2225 659 2282 fortia
674 2243 798 2298 corpora
811 2223 917 2294 volves,

155 2320 265 2395 Thybri
279 2325 381 2395 pater!
424 2323 550 2378 Poscant
564 2323 642 2379 acies
658 2332 688 2378 et
702 2321 822 2378 foedera
836 2323 990 2395 rumpant.'

170 2425 172 2430 '
198 2420 283 2475 Haec
299 2419 348 2476 uhi
362 2418 442 2476 dicta
456 2419 547 2490 dedit,
563 2421 636 2477 solio
652 2438 683 2476 se
699 2420 772 2476 tollit
786 2419 823 2476 ab
837 2418 895 2475 alto

157 2527 186 2573 et
200 2517 325 2591 primum
341 2518 496 2574 Herculeis
511 2519 620 2592 sopitas
637 2517 751 2592 ignibus
766 2535 829 2573 aras

157 2614 264 2672 excitat
279 2614 505 2689 hesternumque
521 2616 610 2672 larem
626 2633 788 2689 parvosque
803 2616 916 2689 penatis

156 2713 248 2769 laetus
263 2711 340 2769 adit:
365 2722 494 2770 mactant
508 2713 597 2770 lectas
614 2713 651 2770 de
667 2731 749 2770 more
764 2711 891 2770 bidentis

158 2810 312 2867 Euandrus
327 2811 442 2885 pariter,
459 2812 565 2885 pariter
579 2812 707 2867 Troiana
720 2811 861 2868 iuventus.

158 2910 226 2965 Post
241 2908 309 2965 hinc
324 2908 362 2965 ad
379 2910 458 2965 navis
473 2908 602 2983 graditur
617 2910 776 2982 sociosque
790 2909 895 2966 revisit.

158 3007 291 3080 Quorum
306 3006 344 3064 dc
362 3025 483 3065 numero
499 3007 550 3081 qui
565 3025 629 3064 sese
645 3007 675 3063 in
690 3006 766 3064 bella
779 3015 937 3080 sequantur
968 2991 972 3000 ’

157 3105 328 3178 praestantis
343 3106 445 3162 virtute
461 3106 548 3180 legit3
571 3123 637 3180 pars
654 3115 752 3161 cetera
766 3122 859 3178 prona

157 3203 245 3260 fertur
259 3220 335 3275 aqua
349 3205 504 3279 segnisque
519 3201 651 3260 secundo
669 3201 770 3259 defluit
786 3203 874 3272 amni,

157 3301 258 3358 nuntia
271 3310 391 3359 ventura
405 3303 531 3358 Ascanio
546 3317 702 3374 rerumque
717 3300 873 3375 patrisque.

158 3400 273 3456 Dantur
286 3400 354 3473 equi
368 3400 488 3456 Teucris
503 3399 653 3474 Tyrrhena
667 3398 835 3474 petentibus
849 3415 934 3468 arva;

157 3497 270 3554 ducunt
284 3507 428 3554 exsortem
443 3499 571 3569 Aeneae,
586 3516 675 3573 quem
690 3497 767 3554 fulva
781 3495 872 3552 leonis

157 3594 238 3669 pellis
254 3594 315 3651 obit
330 3605 432 3665 totum,
448 3595 631 3669 praefulgens
646 3594 792 3669 unguibus
807 3593 909 3650 aureis.

199 3692 289 3749 Fama
304 3692 379 3748 volat
395 3709 513 3766 parvam
528 3691 623 3749 subito
638 3692 754 3766 volgata
769 3708 820 3764 per
834 3690 946 3759 urbem,

584 3819 616 3852 ⁵2⁹
630 3820 732 3864 suidam.
759 3819 787 3864 R.
