2742 4284
134 333 164 380 X.
173 328 244 394 732]
259 321 447 382 Mezentius
462 341 483 380 a
495 315 588 381 Boar
600 321 719 399 ath’ay
730 337 769 380 or
781 339 802 379 a
815 317 996 401 Ravcmng
1004 315 1097 378 Liora
1146 331 1187 396 95

132 507 249 565 succiso
264 506 341 564 volvi
356 523 475 580 segnem
491 504 566 575 sinit,
581 522 721 580 arniaque
737 504 834 561 Lauso
1146 511 1190 544 ’ω

132 603 224 662 donat
239 604 349 662 habere
364 603 471 660 umeris
486 613 516 660 et
530 601 638 659 vertice
654 600 742 676 figere
757 601 868 684 cristas.

132 703 276 760 Necnon
291 700 447 758 Euanthen
463 699 619 774 Phrygium
636 697 806 772 Paridisque
822 699 968 756 Mimanta

131 799 286 874 aequalem
302 799 509 872 comitemque,
525 814 583 853 una
598 813 688 870 quem
703 804 791 852 nocte
805 795 930 853 Theano

130 898 160 954 in
174 897 274 954 lucem
289 896 412 970 genitori
427 897 540 970 Amyco
556 893 639 951 dedit
653 903 682 950 et
697 894 762 950 face
777 910 942 968 praegnans

132 995 240 1054 Cisseis
255 995 356 1069 regina
372 994 455 1050 Parin
470 1001 568 1050 creat:
592 993 662 1050 urbe
678 1002 800 1067 patema

131 1093 267 1162 occubat,
283 1092 416 1166 ignarum
432 1092 560 1148 Laurens
576 1089 664 1148 habet
678 1107 731 1147 ora
746 1091 899 1148 Mimanta.

132 1193 174 1247 Ac
190 1190 269 1247 velut
284 1189 330 1245 ille
347 1205 453 1246 canum
470 1205 566 1246 morsu
583 1187 620 1246 de
637 1188 783 1246 montibus
799 1189 862 1246 altis

131 1298 213 1346 actus
228 1305 308 1362 aper,
325 1287 430 1344 multos
444 1286 569 1343 Vesulus
584 1303 673 1360 quem
690 1286 794 1360 pinifer
808 1305 901 1344 annos

131 1384 266 1443 defendit
280 1384 422 1441 multosve
437 1383 520 1458 palus
536 1383 701 1453 Laurentia,
717 1383 787 1440 silva

131 1493 230 1558 pastus
246 1481 436 1552 harundinea,
450 1490 607 1556 postquam
624 1481 699 1538 inter
713 1482 785 1538 retia
799 1494 919 1540 ventum
934 1493 987 1554 est,

131 1583 258 1641 substitit
272 1581 477 1656 infremuitque
493 1581 573 1638 ferox
589 1591 618 1638 et
634 1581 776 1639 inhorruit
791 1601 897 1652 armos,

131 1698 187 1738 nec
202 1681 342 1754 cuiquam
356 1679 440 1736 irasci
456 1679 635 1753 propiusque
652 1679 796 1736 accedere
810 1682 906 1752 virtus

131 1779 183 1837 sed
198 1778 300 1836 iaculis
315 1778 442 1851 tutisque
457 1777 559 1851 procul
575 1777 751 1835 clamoribus
766 1778 892 1848 instant;

131 1878 177 1934 ille
192 1885 292 1933 autem
308 1873 471 1948 impavidus
487 1875 574 1948 partis
590 1884 744 1932 cunctatur
758 1876 787 1932 in
802 1877 906 1946 omniS,

132 1974 269 2032 dentibus
284 1971 461 2042 infrendens,
478 1982 507 2029 et
522 1982 603 2047 tergo
619 1972 731 2030 decutit
746 1974 862 2032 hastas:

132 2071 210 2129 haud
225 2071 316 2140 aliter,
327 2070 424 2127 iustae
439 2070 544 2144 quibus
559 2080 604 2127 est
621 2071 785 2128 Mezentius
800 2073 866 2141 irae,

132 2189 190 2227 non
206 2169 255 2226 ulli
271 2177 315 2225 est
330 2169 442 2224 animus
458 2169 557 2227 stricto
574 2185 747 2224 concurrere
762 2169 857 2239 ferro;

132 2267 287 2325 missilibus
301 2266 388 2340 longe
403 2275 433 2323 et
447 2275 528 2322 vasto
544 2266 671 2322 clamore
688 2266 841 2324 lacessunt.

131 2366 260 2423 Venerat
274 2363 399 2437 antiquis
415 2363 536 2438 Corythi
551 2363 589 2420 de
608 2364 713 2421 finibus
729 2366 835 2434 Acron,

133 2464 237 2523 Graius
252 2463 352 2528 homo,
367 2461 491 2519 infectos
506 2461 641 2536 linquens
657 2462 796 2536 profugus
812 2463 999 2537 hymenaeos.

134 2563 224 2618 Hunc
239 2559 289 2617 ubi
304 2560 476 2618 miscentem
492 2561 579 2635 longe
595 2559 694 2617 media
708 2561 824 2634 agmina
838 2560 918 2630 vidit,

132 2647 430 2733 purpureunrpennis
446 2667 475 2714 et
490 2669 594 2732 pactae
612 2659 743 2732 coniugis
758 2668 855 2715 ostro:

133 2756 273 2830 impastus
288 2736 403 2844 stahtffa
414 2756 470 2812 alta
479 2752 530 2812 ¹leo
546 2773 601 2812 ceu
617 2747 705 2830 saepe
721 2773 886 2830 peragrans,

133 2853 237 2911 suadet
252 2853 331 2911 enim
346 2843 453 2912 v'esana
468 2855 567 2926 fames,
584 2854 607 2912 si
623 2854 696 2912 forte
712 2854 844 2928 fugacem

133 2952 287 3028 conspexit
301 2970 437 3027 capream
453 2963 501 3010 aut
517 2963 683 3027 surgentem
701 2953 729 3009 in
746 2971 856 3010 cornua
870 2971 998 3025 cervum,

133 3049 250 3126 gaudet,
267 3050 350 3108 hians
365 3052 501 3122 immane,
518 3069 676 3126 comasque
695 3052 798 3107 arrexit
812 3061 842 3108 et
856 3050 956 3108 haeret

132 3147 290 3205 visceribus
305 3165 395 3222 super·
405 3149 593 3220 accumbens,
609 3149 677 3206 lavit
693 3148 815 3224 inproba
830 3157 921 3205 taeter

133 3264 184 3303 ora
197 3239 291 3316 cruor,

133 3344 174 3400 sic
188 3343 245 3400 ruit
259 3343 289 3400 in
304 3343 412 3401 densos
427 3344 522 3402 alacer
537 3346 701 3402 Mezentius
717 3345 816 3402 hostis.

134 3441 276 3500 Sternitur
290 3440 388 3497 infelix
403 3443 501 3499 Acron
517 3452 545 3500 et
560 3443 689 3500 calcibus
705 3452 796 3500 atram

134 3537 229 3596 tundit
244 3537 366 3595 humum
382 3540 515 3614 expirans
529 3540 708 3614 infractaque
724 3541 781 3598 tela
797 3551 937 3599 cruentat.

136 3639 231 3712 Atque
246 3635 325 3693 idem
340 3636 499 3711 fugientem
514 3636 593 3695 haud
608 3647 651 3694 est
666 3638 802 3712 dignatus
817 3638 939 3699 Oroden

221 3793 255 3827 ¹1⁰4
260 3801 403 3852 praegnans.
420 3796 452 3842 H.
511 3795 544 3828 ⁷1⁰
556 3800 676 3840 ventumst.
693 3797 721 3842 R.
787 3795 950 3829 71415101718
963 3793 1094 3845 H.and(,.

222 3865 257 3902 ⁷⁰⁵
267 3869 344 3922 Paris,
355 3870 450 3914 emend.
461 3868 488 3913 of
495 3873 566 3914 creat.
590 3869 618 3914 R.
629 3869 678 3913 and
690 3869 746 3914 Eds.
787 3869 820 3901 ⁷²⁷
831 3870 970 3915 incumbens.
987 3862 1026 3915 R.¹
