2742 4284
107 356 253 421 V11.484.]
457 350 588 413 Turnus
611 352 641 414 is
663 354 821 419 Aroused.

106 533 235 607 reppulit
251 543 279 590 et
294 535 426 610 geminos
443 537 533 594 erexit
549 538 677 596 crinibus
693 543 795 616 anguis

106 628 290 705 verberaque
306 633 434 690 insonuit
448 633 609 709 rabidoque
625 636 699 694 haec
715 637 829 697 addidit
843 659 912 700 ore:

108 731 115 756 ‘
128 727 177 784 En
193 744 250 802 ego
263 730 340 786 victa
354 731 419 801 situ,
435 749 523 805 quam
537 734 596 789 veri
613 733 700 791 effeta
713 747 849 794 senectus

107 843 191 882 arma
205 826 279 883 in'ter
293 845 393 901 regum
409 829 479 885 falsa
494 828 649 887 formidine
664 831 747 890 ludit.

107 925 238 999 Respice
253 923 292 980 ad
307 924 398 982 haec:
423 925 526 983 adsum
542 927 667 985 dirarum
683 931 721 988 ab
736 931 806 989 sede
822 951 953 994 sororum

106 1023 185 1082 bella
200 1041 288 1080 manu
303 1023 452 1097 letumque
467 1026 557 1098 gero!

108 1122 158 1180 Sic
173 1120 259 1177 effata
272 1121 366 1177 facem
382 1122 478 1178 iuveni
496 1123 623 1180 coniecit
638 1135 668 1181 et
681 1136 744 1184 atro

107 1221 218 1278 lumine
235 1222 369 1279 fumantis
383 1221 444 1279 fixit
460 1222 514 1280 sub
531 1233 651 1297 pectore
666 1225 776 1283 taedas.

107 1318 168 1377 Olli
183 1336 318 1376 somnum
334 1319 435 1394 ingens
451 1321 558 1394 rumpit
573 1340 672 1396 pavor,
689 1344 813 1400 ossaque
828 1337 856 1384 et
870 1339 949 1387 artus

105 1416 256 1491 perfundit
271 1428 332 1476 toto
347 1431 501 1495 proruptus
519 1439 642 1496 corpore
658 1423 766 1494 sudor;

104 1535 188 1573 arma
202 1535 302 1574 amens
317 1519 421 1589 fremit,
440 1539 519 1578 arma
536 1531 600 1579 toro
615 1523 757 1597 tectisque
773 1525 910 1597 requirit;

104 1615 199 1673 saevit
213 1633 294 1672 amor
308 1616 373 1674 serri
389 1627 418 1675 et
434 1619 573 1676 scelerata
590 1621 703 1676 insania
718 1620 793 1690 belli,

104 1713 150 1771 ira
164 1731 268 1787 super:
293 1734 400 1789 magno
415 1716 503 1773 veluti
521 1735 588 1773 cum
604 1717 721 1775 flamma
734 1737 840 1777 sonore

105 1813 206 1886 virgea
219 1813 378 1887 suggeritur
393 1815 481 1872 costis
499 1814 634 1872 undantis
649 1817 714 1873 aeni

105 1909 310 1985 exsultantque
319 1922 400 1968 aestu
408 1912 517 1982 latices,
535 1913 601 1970 surit
615 1914 692 1971 intus
707 1919 793 1988 aquai

105 2007 235 2065 sumidus
250 2017 336 2081 atque
352 2009 408 2066 alte
424 2011 534 2083 spumis
550 2011 690 2068 exuberat
705 2014 806 2081 amnis,

104 2124 163 2162 nec
179 2105 235 2162 iam
251 2123 281 2162 se
298 2107 376 2180 capit
391 2107 479 2177 unda,
496 2108 574 2166 volat
588 2127 679 2183 vapor
693 2120 755 2166 ater
769 2110 806 2166 ad
822 2097 930 2169 auras(

105 2205 187 2278 Ergo
202 2204 255 2260 iter
269 2202 306 2260 ad
321 2223 419 2278 regem
437 2207 546 2280 polluta
562 2225 635 2280 paee
653 2208 788 2264 Latinum

104 2300 209 2358 indicit
223 2302 322 2375 primis
337 2302 476 2360 iuvenum
494 2314 523 2361 et
538 2305 617 2362 iubet
632 2323 712 2362 arma
726 2307 828 2380 parari,

102 2399 192 2456 tutari
208 2399 330 2470 ltaliam,
346 2398 501 2457 detrudere
519 2402 626 2460 finibus
643 2387 776 2460 hosiem:

102 2515 137 2554 se
153 2498 221 2555 satis
236 2499 379 2557 ambobus
393 2500 573 2574 Teucrisque
589 2501 687 2557 venire
703 2502 881 2577 Latinisque.

105 2597 195 2652 Haec
209 2596 258 2653 ubi
274 2596 355 2654 dicta
368 2597 452 2655 dedit
470 2598 612 2674 divosque
627 2600 657 2657 in
672 2611 740 2657 vota
753 2602 877 2672 vocavit,

103 2694 237 2751 certatim
253 2713 316 2752 sese
332 2695 432 2753 Rutuli
449 2697 637 2755 exhortantur
651 2699 680 2754 in
695 2717 792 2756 arma:

103 2793 186 2849 hunc
201 2792 292 2851 decus
308 2797 455 2870 egregium
472 2797 582 2854 formae
599 2805 698 2853 movet
712 2805 799 2870 atque
815 2796 957 2866 iuventae,

102 2891 184 2947 hunc
199 2891 273 2948 atavi
287 2910 379 2967 reges,
395 2893 474 2951 hunc
491 2895 572 2951 claris
588 2893 710 2951 dextera
724 2894 816 2951 lactis.

147 2989 226 3046 Dum
241 2990 357 3048 Turnus
373 2992 497 3049 Rutulos
513 2992 615 3049 animis
631 2991 791 3048 audacibus
807 2992 916 3067 implet,

102 3087 220 3144 Allecto
235 3088 262 3144 in
278 3088 410 3147 Teucros
425 3089 529 3164 Stygiis
545 3107 576 3145 se
591 3089 795 3159 concitatam,

101 3195 164 3242 arte
180 3203 257 3243 nova
271 3187 421 3260 speculata
436 3187 545 3257 locum,
562 3206 621 3262 quo
637 3188 719 3244 litore
734 3187 856 3261 pulcher

101 3282 216 3342 insidiis
232 3301 376 3359 cursuque
392 3285 465 3342 seras
481 3285 607 3360 agitabat
624 3285 713 3342 Iulus.

102 3382 165 3439 Hic
181 3382 305 3439 subitam
322 3383 441 3440 canibus
457 3383 566 3440 rabiem
583 3383 705 3456 Cocytia
720 3383 800 3456 virgo

100 3479 193 3537 obicit
208 3490 238 3536 et
252 3490 323 3537 noto
338 3481 412 3538 naris
428 3480 570 3556 contingit
585 3481 685 3550 odore,

100 3587 133 3634 ut
148 3595 267 3635 cervum
283 3577 418 3636 ardentes
434 3588 553 3653 agerent
566 3599 572 3649 3
596 3597 671 3652 quae
686 3578 781 3652 prima
795 3579 927 3635 laborum

100 3694 191 3732 causa
206 3674 259 3732 suit
273 3675 409 3750 belloque
425 3676 538 3733 animos
555 3675 692 3732 accendit
707 3677 834 3750 agrestis,

101 3773 214 3830 Cervus
229 3783 289 3847 erat
303 3773 396 3830 forma
410 3774 567 3848 praestanti
583 3785 611 3830 et
628 3774 764 3830 cornibus
779 3773 889 3848 ingens,

99 3869 261 3944 Tyrrhidae
277 3871 360 3944 pueri
374 3889 463 3946 quem
478 3872 576 3928 matris
592 3872 629 3929 ab
643 3872 732 3928 ubere
748 3881 862 3944 raptum

954 982 965 1007 5
