2742 4284
116 289 237 351 xr.316.]
409 279 565 341 'Latinus
588 279 743 361 Proposcs
766 281 880 346 Peuce.

117 464 224 521 vertite
240 461 279 522 ad
295 465 425 521 Aenean.
469 463 607 522 Stetimus
621 464 679 522 tela
694 483 797 540 aspera
811 475 913 524 contra

118 561 359 635 contulimusque
375 579 497 620 manus:
521 571 642 637 experto
658 562 779 634 credite,
795 573 920 638 quantus

117 661 149 717 in
164 659 296 734 clipeum
311 656 455 734 adsurgat,
471 677 531 734 quo
546 659 659 718 turbine
674 668 809 735 torqueat
823 661 944 719 hastam.

118 758 148 816 Si
163 756 226 814 duo
240 765 392 831 praeterea
407 757 471 814 talis
486 755 578 814 Idaea
593 757 704 815 tulisset

119 865 195 912 terra
210 855 295 925 viros,
312 853 386 910 ultro
402 853 539 912 Inachias
555 854 682 912 venisset
696 854 736 912 ad
749 855 836 913 urbes

120 951 288 1022 Dardanus,
304 961 334 1007 et
347 951 436 1008 versis
452 950 562 1026 lugeret
578 952 704 1010 Graecia
717 952 790 1011 satis.

120 1048 277 1124 Quidquid
291 1047 372 1124 apud
385 1047 475 1106 durae
491 1059 637 1112 cessatum
653 1060 698 1108 est
712 1050 830 1108 moenia
844 1051 959 1124 Troiae,

121 1149 263 1206 Hectoris
277 1150 454 1223 Aeneaeque
471 1165 559 1205 mauu
575 1148 696 1205 victoria
710 1148 832 1207 Graium

121 1246 214 1303 haesit
228 1255 259 1302 et
273 1245 301 1301 iu
317 1243 467 1302 decimum
481 1245 602 1320 vestigia
615 1246 724 1302 rettulit
737 1264 857 1303 annum.

120 1344 216 1402 Ambo
231 1343 344 1414 animis,
360 1343 449 1402 ambo
464 1343 591 1420 insignes
606 1343 820 1418 praestantibus
835 1344 922 1402 armis

121 1441 167 1498 hic
181 1442 292 1516 pietate
306 1441 394 1515 prior.
436 1441 552 1499 Coeant
566 1441 596 1498 in
611 1439 732 1499 foedera
746 1441 875 1513 dextrae,

120 1558 176 1614 qua
191 1538 296 1610 datur,
318 1548 362 1596 ast
376 1539 462 1596 armis
478 1548 653 1597 concurrant
667 1557 748 1596 arma
761 1539 895 1600 cavete.''

98 1629 103 1636 ’
121 1638 158 1694 Et
171 1654 314 1712 responsa
327 1636 413 1694 simul
428 1654 503 1711 quae
519 1637 584 1708 sint,
601 1654 652 1694 rex
667 1638 790 1712 optime,
806 1638 881 1714 regis

119 1734 224 1792 audisti
240 1744 270 1792 et
284 1752 359 1809 quae
375 1735 411 1792 sit
426 1752 534 1809 magno
550 1734 695 1792 sententia
708 1735 807 1794 bello.’

158 1833 216 1889 Vix
230 1850 266 1890 ea
281 1832 376 1907 legati,
391 1833 544 1908 variusque
560 1850 613 1908 per
626 1851 678 1890 ora
692 1834 819 1891 cucurrit

119 1930 304 1988 Ausonidum
319 1931 433 1988 turbata
446 1931 571 1988 fremor:
594 1948 651 1988 ceu
665 1949 735 1988 saxa
749 1941 899 1989 morantur

119 2047 186 2087 curn
202 2028 320 2103 rapidos
335 2029 438 2100 amnis,
453 2030 486 2086 fit
500 2029 600 2086 clauso
614 2031 726 2105 gurgite
741 2049 872 2111 murmur

118 2129 291 2202 vicinaeque
305 2129 432 2185 fremunt
446 2129 526 2204 ripae
541 2129 751 2203 crepitantibus
766 2129 861 2188 undis.

118 2228 159 2285 Ut
173 2227 301 2301 primum
316 2225 424 2300 placati
439 2227 527 2283 animi
543 2235 573 2283 et
587 2226 702 2301 trepida
715 2245 766 2284 ora
780 2228 924 2302 quierunt,

118 2324 263 2399 praefatus
279 2323 362 2380 divos
378 2325 450 2381 solio
465 2343 517 2381 rex
531 2324 594 2381 infit
608 2324 645 2382 ab
660 2325 737 2382 alto:

118 2424 212 2479 ‘Ante
228 2421 368 2496 equidem
383 2440 498 2479 summa
513 2421 596 2480 dere
612 2422 756 2493 statuisse,
774 2423 878 2494 Latini,

118 2529 146 2576 et
160 2520 266 2577 vellem
281 2529 311 2576 et
325 2519 418 2576 suerat
433 2519 544 2586 meiius,
561 2538 622 2577 non
637 2529 771 2595 tempore
786 2522 835 2578 tali

117 2635 224 2693 cogere
240 2617 407 2688 concilium,
423 2636 491 2674 curn
509 2637 607 2675 muros
622 2617 738 2676 adsidet
753 2618 853 2676 hostis.

117 2716 232 2774 Bellum
246 2715 456 2790 importunum,
474 2715 562 2786 cives,
578 2734 646 2772 cum
661 2726 748 2791 gente
764 2716 887 2774 deorum

116 2814 290 2888 invictisque
304 2812 371 2870 viris
387 2813 523 2888 gerimus,
541 2831 615 2888 quos
629 2814 708 2871 nulla
722 2814 843 2889 fatigant

116 2913 244 2987 proelia:
267 2929 324 2967 nec
338 2911 407 2968 victi
422 2920 545 2986 possunt
560 2911 699 2969 absistere
714 2912 799 2970 ferro

116 3011 205 3085 Spem
221 3009 334 3083 siquam
348 3007 466 3066 adscitis
484 3008 620 3065 Aetolum
637 3008 777 3066 habuistis
792 3010 822 3066 in
836 3009 932 3082 armis,

116 3109 226 3183 ponite.
270 3107 342 3180 Spes
357 3106 411 3165 sibi
428 3107 561 3181 quisque,
578 3105 632 3164 sed
648 3107 722 3163 haec
736 3124 825 3181 quam
840 3117 963 3182 angusta
976 3105 1101 3179 videtis;

116 3215 215 3263 cetera
229 3223 289 3279 qua
301 3222 396 3262 rerum
411 3205 527 3263 iaceant
543 3205 678 3279 perculsa
693 3205 786 3276 ruina,
1132 3210 1176 3260 310

116 3313 184 3360 ante
199 3303 301 3360 oculos
316 3303 447 3376 interque
464 3321 567 3360 manus
584 3311 651 3359 sunt
665 3302 766 3359 omnia
779 3311 897 3360 vestras.

117 3401 183 3458 Nec
198 3419 378 3475 quemquam
392 3401 496 3458 incuso
510 3423 516 3458 ι
540 3401 636 3475 potuit
649 3418 725 3475 quae
740 3400 863 3475 plurima
876 3400 964 3458 virtus

117 3517 191 3569 esse,
208 3498 275 3570 suit,
297 3509 360 3556 toto
378 3509 521 3557 certatum
536 3509 580 3556 est
595 3516 720 3573 corpore
734 3499 824 3573 regni.

118 3596 207 3653 Nunc
221 3595 298 3653 adeo
313 3615 388 3672 quae
404 3597 440 3654 sit
456 3597 564 3656 dubiae
579 3597 723 3656 sententia
737 3597 828 3655 menti

117 3694 273 3770 expediam
288 3705 318 3753 et
332 3696 444 3771 paucis,
460 3695 573 3754 animos
588 3694 737 3765 adhibete,
754 3693 880 3752 docebo.

119 3795 171 3851 Est
187 3793 323 3869 antiquus
338 3811 408 3869 ager
421 3794 519 3852 Tusco
535 3793 606 3850 mihi
621 3792 772 3868 proximus
785 3792 873 3862 amni,
